Title,Price,Promotional Price,Price Per,Product URL,Image URL
Frubes Strawberry Red Berry & Peach Yogurts 9X37g,€2.89,Any 3 for €5 Clubcard Price - Selected Cheese Or Fresh Soup Or Meat Or Yogurt & Desserts,€8.68/kg,https://www.tesco.ie/groceries/en-IE/products/302328940,https://digitalcontent.api.tesco.com/v2/media/ghs/1e570780-6309-4ab3-b0e5-21d652f1ecc0/eea01065-212f-4d66-acaf-1b9eed63208c.jpeg?h=225&w=225
Frubes Strawberry Yogurts 9X37g,€2.89,Any 3 for €5 Clubcard Price - Selected Cheese Or Fresh Soup Or Meat Or Yogurt & Desserts,€8.68/kg,https://www.tesco.ie/groceries/en-IE/products/302328963,https://digitalcontent.api.tesco.com/v2/media/ghs/e2382f9b-fa12-4644-8d05-26e34b60e30a/4e079a60-4609-4e3e-b1d5-41ad19742ca4.jpeg?h=225&w=225
Petits Filous Strawberry Raspberry Fromage Frais 6 X47g,€1.99,€1.50 Clubcard Price,€7.06/kg,https://www.tesco.ie/groceries/en-IE/products/285019796,https://digitalcontent.api.tesco.com/v2/media/ghs/1de4fc66-16ea-46b3-8379-76aa983de5db/e83ab908-a5f2-4122-b03c-006d8d9e07d4.jpeg?h=225&w=225
Muller Corner Vanilla Yogurt With Chocolate Balls 124G,€1.19,Any 4 for €3.75 Clubcard Price - Selected Muller Yogurt Or Desserts 124g-170g,€9.60/kg,https://www.tesco.ie/groceries/en-IE/products/311955794,https://digitalcontent.api.tesco.com/v2/media/ghs/df25de73-31e4-4ac6-afd7-77de9c39f191/fd123f79-6ed1-48ec-b10f-a71862436230.jpeg?h=225&w=225
Petits Filous Strawberry Raspberry Fromage Frais 4 X85g,€2.89,Any 3 for €5 Clubcard Price - Selected Cheese Or Fresh Soup Or Meat Or Yogurt & Desserts,€8.50/kg,https://www.tesco.ie/groceries/en-IE/products/285020943,https://digitalcontent.api.tesco.com/v2/media/ghs/6b4b23b2-9ab8-4dc4-94b2-f81f86922683/11969136-ff9b-489e-a4aa-16d49ea2e605.jpeg?h=225&w=225
Activia Strawberry Gut Health Yoghurt 4x115g,€3.29,€2.50 Clubcard Price,€7.15/kg,https://www.tesco.ie/groceries/en-IE/products/308114446,https://digitalcontent.api.tesco.com/v2/media/ghs/10a71ab5-a1c4-4087-86cd-df3f39be0328/6d332f82-2d43-40c7-8856-bc138d10df58.jpeg?h=225&w=225
Glenisk Organic Kids Vanilla Yogurt 4X90g,€2.49,Any 3 for €5 Clubcard Price - Selected Cheese Or Fresh Soup Or Meat Or Yogurt & Desserts,€6.92/kg,https://www.tesco.ie/groceries/en-IE/products/311950237,https://digitalcontent.api.tesco.com/v2/media/ghs/5745535f-e5c3-4319-9168-fc5769e6e8a4/6a1348ba-c080-4b6d-be54-681aeec0e594.jpeg?h=225&w=225
Muller Corner Vanilla & Banana Chocolate Balls & Flakes 6 X 124G,€5.00,€4.75 Clubcard Price,€6.72/kg,https://www.tesco.ie/groceries/en-IE/products/311937292,https://digitalcontent.api.tesco.com/v2/media/ghs/61c57e46-92f6-4c9b-91f4-5f622fb3871b/5a3fce1c-fe25-4094-8b08-688529fcb605.jpeg?h=225&w=225
Actimel Strawberry Immunity Live Yoghurt Drink Multipack 8X100g,€4.49,€3.50 Clubcard Price,€5.61/kg,https://www.tesco.ie/groceries/en-IE/products/255084895,https://digitalcontent.api.tesco.com/v2/media/ghs/a7d89cd1-e9ca-46d6-8826-290da1dc7e7a/c6a110be-6415-4c42-8c8e-1bb4bd1ae83b.jpeg?h=225&w=225
Yollies Strawberry Yogurt 4 X25g,€2.89,€2.30 Clubcard Price,€28.90/kg,https://www.tesco.ie/groceries/en-IE/products/284092668,https://digitalcontent.api.tesco.com/v2/media/ghs/fee4647d-18ae-4e12-afe4-661a6da936d9/0b6d5966-44e3-4174-993c-79d2e8187563.jpeg?h=225&w=225
Lindahls Kvarg Raspberry 150G Pot,€1.49,€1.00 Clubcard Price,€9.93/kg,https://www.tesco.ie/groceries/en-IE/products/301253516,https://digitalcontent.api.tesco.com/v2/media/ghs/df77f18b-fa9c-49d8-9350-d0b3958c154f/96fe26ea-df99-4770-8777-c6f427f6e1f5.jpeg?h=225&w=225
Benecol Strawberry Yogurt Drink 6X67.5G,€5.29,€4.50 Clubcard Price,€13.06/kg,https://www.tesco.ie/groceries/en-IE/products/258208141,https://digitalcontent.api.tesco.com/v2/media/ghs/0b5529c3-2f60-4054-9c4b-1115edc26185/0b226081-42bf-4db4-82f2-9ed88a76ec19.jpeg?h=225&w=225
Petits Filous Strawberry Drinking Yogurt 4X100g,€2.89,€2.50 Clubcard Price,€7.22/kg,https://www.tesco.ie/groceries/en-IE/products/303930582,https://digitalcontent.api.tesco.com/v2/media/ghs/987feff4-35b4-4ebe-9574-682971b3860a/aa8a915c-c3cb-4ffd-9dc4-74b8f8553e6e.jpeg?h=225&w=225
Petits Filous Apricot And Strawberry Fromage Frais 6X47g,€1.99,€1.50 Clubcard Price,€7.06/kg,https://www.tesco.ie/groceries/en-IE/products/285020056,https://digitalcontent.api.tesco.com/v2/media/ghs/8446c4d3-e911-4823-86e4-8a65a05dd248/9e701f9a-47d3-49f0-9b48-c957a3a6f7b3_1196305981.jpeg?h=225&w=225
Fage Total 0%Fat Greek Recipe Yogurt 450G,€4.35,Any 2 for €7 Clubcard Price - Selected Fage Total Yoghurt 450g,€9.67/kg,https://www.tesco.ie/groceries/en-IE/products/311229525,https://digitalcontent.api.tesco.com/v2/media/ghs/1fe53ad7-bce5-47a9-b0ca-21a2baf7320c/97b2182d-57bf-4307-b5e5-28a54bfa522d.jpeg?h=225&w=225
Lindahls Kvarg White Chocolate 150G,€1.49,€1.00 Clubcard Price,€9.93/kg,https://www.tesco.ie/groceries/en-IE/products/306953849,https://digitalcontent.api.tesco.com/v2/media/ghs/e9a38e8b-c5e4-4fdd-9a90-f164c51e0acd/1697d4aa-0f20-4923-891c-c86b0af35b6b.jpeg?h=225&w=225
Petits Filous Apricot & Strawberry Fromage Frais 4X85g,€2.89,Any 3 for €5 Clubcard Price - Selected Cheese Or Fresh Soup Or Meat Or Yogurt & Desserts,€8.50/kg,https://www.tesco.ie/groceries/en-IE/products/285021026,https://digitalcontent.api.tesco.com/v2/media/ghs/47120001-9487-4c9d-8fdf-5f62f053c753/13f20a3f-fff2-4df2-84bf-3994cd313d76.jpeg?h=225&w=225
Yoplait Strawberry Yoghurt 4X125g,€2.99,Any 2 for €4 Clubcard Price - Selected Yoplait Products,€5.98/kg,https://www.tesco.ie/groceries/en-IE/products/263767202,https://digitalcontent.api.tesco.com/v2/media/ghs/9577edc1-2e36-4da2-b80d-316192112d40/f8cc38e0-8051-4bf2-9f06-94942092a4a7_1186108335.jpeg?h=225&w=225
Lindahls Kvarg Vanilla 150G Pot,€1.49,€1.00 Clubcard Price,€9.93/kg,https://www.tesco.ie/groceries/en-IE/products/301253499,https://digitalcontent.api.tesco.com/v2/media/ghs/882355f3-dc8a-4a90-8f00-22f22b2063bc/4214da89-77e8-48a7-a1e7-65bbe409c3e2.jpeg?h=225&w=225
Muller Rice Low Fat Strawberry Pudding 170G,€1.19,Any 4 for €3.75 Clubcard Price - Selected Muller Yogurt Or Desserts 124g-170g,€7.00/kg,https://www.tesco.ie/groceries/en-IE/products/311668391,https://digitalcontent.api.tesco.com/v2/media/ghs/e2399520-b490-40e0-a1f1-cb0fafd72fa3/5ae2ddf1-40ec-45f8-b343-a009cb210128.jpeg?h=225&w=225
Muller Rice Low Fat Original Pudding 170G,€1.19,Any 4 for €3.75 Clubcard Price - Selected Muller Yogurt Or Desserts 124g-170g,€7.00/kg,https://www.tesco.ie/groceries/en-IE/products/311950056,https://digitalcontent.api.tesco.com/v2/media/ghs/4dddb23b-67a9-44b6-9662-310fe3ee4f94/7298e022-1174-40c9-b9aa-b7ffce58a55e.jpeg?h=225&w=225
Muller Corner Strawberry Shortcakes & Milk Chocolate Digestive 6 X 124G,€5.23,€4.75 Clubcard Price,€7.03/kg,https://www.tesco.ie/groceries/en-IE/products/311684019,https://digitalcontent.api.tesco.com/v2/media/ghs/6a7b565c-b1d1-4be6-b1dc-2ce6bbd903e7/734e8461-8981-4870-bb78-218d002c0587.jpeg?h=225&w=225
Frubes Banana And Strawberry Yogurts 9X37g,€2.89,Any 3 for €5 Clubcard Price - Selected Cheese Or Fresh Soup Or Meat Or Yogurt & Desserts,€8.68/kg,https://www.tesco.ie/groceries/en-IE/products/302328986,https://digitalcontent.api.tesco.com/v2/media/ghs/2aa7d586-26dd-458f-b73d-8fd95a7aac6f/6cea3002-7abc-43e5-8f6a-0209e8b9e5d5_912768698.jpeg?h=225&w=225
Muller Rice Low Fat Vanilla Custard Pudding 170G,€1.19,Any 4 for €3.75 Clubcard Price - Selected Muller Yogurt Or Desserts 124g-170g,€7.00/kg,https://www.tesco.ie/groceries/en-IE/products/311252721,https://digitalcontent.api.tesco.com/v2/media/ghs/a03c2853-87c6-4b7b-a27a-692cef4a72ed/ee765f76-ae20-40d5-b722-22392fa7bb94.jpeg?h=225&w=225
Yoplait Hazelnut Yoghurt 4X125g,€2.99,Any 2 for €4 Clubcard Price - Selected Yoplait Products,€5.98/kg,https://www.tesco.ie/groceries/en-IE/products/263766946,https://digitalcontent.api.tesco.com/v2/media/ghs/6746db74-36e4-43b6-bf14-763c1219c3ec/b73cc176-f677-4e40-9c67-bb664b96bf45_1529717350.jpeg?h=225&w=225
Activia Rhubarb Gut Health Yoghurt 4x115g,€3.29,€2.50 Clubcard Price,€7.15/kg,https://www.tesco.ie/groceries/en-IE/products/308099590,https://digitalcontent.api.tesco.com/v2/media/ghs/d5d9dfd3-1425-4d0a-bfb1-7c9f820eb25f/47b2a0e1-f59e-440a-8ae4-d142f0e2c319.jpeg?h=225&w=225
Lindahls Pro+ Lemon Cheesecake Quark 150G,€1.49,€1.00 Clubcard Price,€9.93/kg,https://www.tesco.ie/groceries/en-IE/products/305956449,https://digitalcontent.api.tesco.com/v2/media/ghs/5bd56b51-9734-4c95-823a-72cdd5ff902c/e263ce43-cb77-4754-bd73-836b2b28e661.jpeg?h=225&w=225
Activia Fibre Cereal Breakfast Yoghurt 4X115g,€3.29,€2.50 Clubcard Price,€7.15/kg,https://www.tesco.ie/groceries/en-IE/products/315377509,https://digitalcontent.api.tesco.com/v2/media/ghs/63174bfa-3ccc-4f5a-9599-4edcc0d8adff/c042941b-0aa3-464c-ab2b-4d72fe66cfc1_1288812219.jpeg?h=225&w=225
Activia Vanilla No Added Sugar Fat Free Gut Health Yoghurt 4x115g,€3.29,€2.50 Clubcard Price,€7.15/kg,https://www.tesco.ie/groceries/en-IE/products/307745501,https://digitalcontent.api.tesco.com/v2/media/ghs/a74e2634-bc98-4361-a5b3-233633bf5096/820960d3-fdb9-4b83-8b67-e20e5828bf1f.jpeg?h=225&w=225
Petits Filous Strawberry Fromage Frais 6 X 47G,€1.99,€1.50 Clubcard Price,€7.06/kg,https://www.tesco.ie/groceries/en-IE/products/285020845,https://digitalcontent.api.tesco.com/v2/media/ghs/eaad2f8f-9b84-4102-8347-aebd66e3ad27/2b65f2f3-d96d-4deb-ac70-e40815139ecc_1277545979.jpeg?h=225&w=225
Petis Filous Magic Squares Strawberry / Vanilla 4X80g,€2.89,Any 3 for €5 Clubcard Price - Selected Cheese Or Fresh Soup Or Meat Or Yogurt & Desserts,€9.03/kg,https://www.tesco.ie/groceries/en-IE/products/286442200,https://digitalcontent.api.tesco.com/v2/media/ghs/d4fcae2f-b1cf-4ab4-ab7f-352a3c117c51/a8d3d0ce-adc3-473e-8abd-5655f0042622_1558918476.jpeg?h=225&w=225
Muller Rice Low Fat Apple Pudding 170G,€1.19,Any 4 for €3.75 Clubcard Price - Selected Muller Yogurt Or Desserts 124g-170g,€7.00/kg,https://www.tesco.ie/groceries/en-IE/products/311261606,https://digitalcontent.api.tesco.com/v2/media/ghs/eb12082b-0390-44ee-8633-9f0df0cf99f1/61c288c1-859f-4c65-a5c4-08118d251b53_1214763335.jpeg?h=225&w=225
Muller Corner Favourites Yoghurt 6 Pack 768G,€5.00,€4.75 Clubcard Price,€6.51/kg,https://www.tesco.ie/groceries/en-IE/products/312108523,https://digitalcontent.api.tesco.com/v2/media/ghs/5fecf02a-0171-4bf4-9b67-bc44d91a4a6f/172a1eb3-4a98-4dda-997c-377bb07e0834_585052640.jpeg?h=225&w=225
Muller Light Greek Style Lemon Yogurt 4X115g,€3.12,Any 3 for €5 Clubcard Price - Selected Cheese Or Fresh Soup Or Meat Or Yogurt & Desserts,€6.78/kg,https://www.tesco.ie/groceries/en-IE/products/311681512,https://digitalcontent.api.tesco.com/v2/media/ghs/139fce9f-1568-403c-be69-c5504a1943ad/4e119369-24cf-4a44-94ec-38ecacff9a0c.jpeg?h=225&w=225
Activia Fibre Walnut & Oat Low Fat Breakfast Gut Health Yoghurt 4x115g,€3.29,€2.50 Clubcard Price,€7.15/kg,https://www.tesco.ie/groceries/en-IE/products/314932047,https://digitalcontent.api.tesco.com/v2/media/ghs/c500f1ea-44b1-45b2-92b0-3a74df7ffce3/75311857-ef66-40b6-bc83-4f5ac1af1c4f.jpeg?h=225&w=225
Petits Filous No Added Sugar Strawberry Banana Fromage Frais 6 X 47G,€1.99,€1.50 Clubcard Price,€7.06/kg,https://www.tesco.ie/groceries/en-IE/products/304375298,https://digitalcontent.api.tesco.com/v2/media/ghs/8443bc1c-80a5-47df-8077-1f4ade41b160/5ae26fc4-8b46-489e-994c-961ce957e447.jpeg?h=225&w=225
Yoplait Smooth Mix Red From 125Gx4,€2.99,Any 2 for €4 Clubcard Price - Selected Yoplait Products,€5.98/kg,https://www.tesco.ie/groceries/en-IE/products/297973205,https://digitalcontent.api.tesco.com/v2/media/ghs/80dd9baa-62fd-451e-8db9-d8f87fdbe04e/a78a2cb2-ece2-46a7-9ab2-8e3e67829e1f_155288972.jpeg?h=225&w=225
Lindahls Kvarg Peach & Passion Fruit 150G Pot,€1.49,€1.00 Clubcard Price,€9.93/kg,https://www.tesco.ie/groceries/en-IE/products/301253539,https://digitalcontent.api.tesco.com/v2/media/ghs/a0414bae-8894-42ed-9a55-aa32cbff9505/49e315b4-52bb-4fd1-a1df-c3292133df93_1967075841.jpeg?h=225&w=225
Activia Fusions Prune Gut Health Yoghurt 4x120g,€3.29,€2.50 Clubcard Price,€6.85/kg,https://www.tesco.ie/groceries/en-IE/products/308111910,https://digitalcontent.api.tesco.com/v2/media/ghs/221bfdbc-653b-41ab-97f8-8196f49651c6/1492f57c-01a3-498b-8c13-aa895a21af38.jpeg?h=225&w=225
Lindahls Kvarg Stracciatella Pot 150G,€1.49,€1.00 Clubcard Price,€9.93/kg,https://www.tesco.ie/groceries/en-IE/products/305117056,https://digitalcontent.api.tesco.com/v2/media/ghs/4c2aeb3f-a910-47c4-88e8-0757341e9cc7/b5d81dea-9b84-4b73-a412-f390662ceaf1.jpeg?h=225&w=225
Benecol Original No Added Sugar 6 x 67.5g,€5.29,€4.50 Clubcard Price,€13.06/kg,https://www.tesco.ie/groceries/en-IE/products/255080338,https://digitalcontent.api.tesco.com/v2/media/ghs/26e97207-5c5c-4b6d-a3d0-aebdb1a7291d/41cf1932-5af3-4ab6-824c-063feb4be0b7.jpeg?h=225&w=225
Muller Corner Vanilla Yogurt & Milk Chocolate Digestives 124G,€1.19,Any 4 for €3.75 Clubcard Price - Selected Muller Yogurt Or Desserts 124g-170g,€9.60/kg,https://www.tesco.ie/groceries/en-IE/products/311426355,https://digitalcontent.api.tesco.com/v2/media/ghs/f5ab488c-0fec-4281-952d-8cb1beb007e7/e1ece23c-8751-4349-b08d-2b26ed2bfb09.jpeg?h=225&w=225
Yollies Raspberry 4 Pack X 25G,€2.89,€2.30 Clubcard Price,€28.90/kg,https://www.tesco.ie/groceries/en-IE/products/284092680,https://digitalcontent.api.tesco.com/v2/media/ghs/4bd3e67a-b66b-4e35-bb8d-02864086ff46/c7867633-3e5a-4049-9d43-358547c8c351_1949537276.jpeg?h=225&w=225
Activia Strawberry No Added Sugar Fat Free Gut Health Yoghurt 4x115g,€3.29,€2.50 Clubcard Price,€7.15/kg,https://www.tesco.ie/groceries/en-IE/products/308113849,https://digitalcontent.api.tesco.com/v2/media/ghs/8a7aa18d-d6c2-4198-8227-e045d3e27a24/3b41c292-07ed-461c-b2bc-a2ac3f77b483.jpeg?h=225&w=225
Activia Natural Yoghurt 4X125g,€3.29,€2.50 Clubcard Price,€6.58/kg,https://www.tesco.ie/groceries/en-IE/products/250562631,https://digitalcontent.api.tesco.com/v2/media/ghs/34951f70-397c-485b-b6e2-df552690a5a6/snapshotimagehandler_1299330501.jpeg?h=225&w=225
Activia Peach No Added Sugar Fat Free Gut Health Yoghurt 4x115g,€3.29,€2.50 Clubcard Price,€7.15/kg,https://www.tesco.ie/groceries/en-IE/products/308090229,https://digitalcontent.api.tesco.com/v2/media/ghs/0b4e68f4-eb6a-4ee4-9996-da902bb8a884/567cd026-ccc0-43db-bf5c-2b82d4d60952.jpeg?h=225&w=225
Lindahl's Pro Plus Banoffee Fat Free Quark 150G,€1.49,€1.00 Clubcard Price,€9.93/kg,https://www.tesco.ie/groceries/en-IE/products/310700124,https://digitalcontent.api.tesco.com/v2/media/ghs/8a54629c-b57f-4cac-80ab-050383f4ec56/7ab2d770-2e9a-4bc7-95b4-7ecbdff26667.jpeg?h=225&w=225
Actimel Original Drink 8X100g,€4.49,€3.50 Clubcard Price,€5.61/kg,https://www.tesco.ie/groceries/en-IE/products/256572206,https://digitalcontent.api.tesco.com/v2/media/ghs/d9f50b2e-da02-4c63-bf1b-3a02939304d5/679981a2-0f05-45c9-a8f3-ea4d39f0aae3_49826600.jpeg?h=225&w=225
Activia Fibre Muesli Low Fat Breakfast Gut Health Yoghurt 4x115g,€3.29,€2.50 Clubcard Price,€7.15/kg,https://www.tesco.ie/groceries/en-IE/products/314942643,https://digitalcontent.api.tesco.com/v2/media/ghs/a54b2f34-a450-4bc6-a243-bec06ab56412/db0644e4-ae3e-484b-bdf7-67da6d5e0427.jpeg?h=225&w=225
Glenilen Farm Strawberry Yoghurts 4X 125G,€2.99,€2.50 Clubcard Price,€5.98/kg,https://www.tesco.ie/groceries/en-IE/products/282746688,https://digitalcontent.api.tesco.com/v2/media/ghs/597327c3-835c-48d2-ba87-0ac1a4be7a1e/b558ac8f-c121-4279-b37a-546637fedf3d.jpeg?h=225&w=225
Glenisk Organic Kids Apricot Yoghurt 4X90g,€2.49,Any 3 for €5 Clubcard Price - Selected Cheese Or Fresh Soup Or Meat Or Yogurt & Desserts,€6.92/kg,https://www.tesco.ie/groceries/en-IE/products/312108788,https://digitalcontent.api.tesco.com/v2/media/ghs/c4821638-2752-414f-997b-afcbd9589eb8/eb1a8f92-4c33-4ed1-96ef-d0fc8ae3be09_154468756.jpeg?h=225&w=225
Petit Filous Peach Drinking Yogurt 4X100g,€2.89,€2.50 Clubcard Price,€7.22/kg,https://www.tesco.ie/groceries/en-IE/products/305940912,https://digitalcontent.api.tesco.com/v2/media/ghs/ad6c17ad-f048-48fa-b51a-c13957a1e9b1/6b02cc5b-0f2e-4462-baa5-076f856a28b9_1525224408.jpeg?h=225&w=225
Muller Light Greek Style Coconut With Vanilla Yogurt 4X115g,€3.12,Any 3 for €5 Clubcard Price - Selected Cheese Or Fresh Soup Or Meat Or Yogurt & Desserts,€6.78/kg,https://www.tesco.ie/groceries/en-IE/products/311259987,https://digitalcontent.api.tesco.com/v2/media/ghs/a6b0251f-3b1e-4216-a6ad-2ae08b793753/a5dfc5b0-01f0-4145-ab2a-ef55a065df3e.jpeg?h=225&w=225
Yoplait Apricot Nectarine 4 Pack (4X125g),€2.99,Any 2 for €4 Clubcard Price - Selected Yoplait Products,€5.98/kg,https://www.tesco.ie/groceries/en-IE/products/277117864,https://digitalcontent.api.tesco.com/v2/media/ghs/52ec95ef-c1e2-41c6-87c1-3c986e6dc1b4/90f7164e-6fa4-4237-9c7e-0d3b95c93bab_220371547.jpeg?h=225&w=225
Glenilen Farm Live Kids Yogurt Banana 360G,€2.19,€2.00 Clubcard Price,€6.08/kg,https://www.tesco.ie/groceries/en-IE/products/303838064,https://digitalcontent.api.tesco.com/v2/media/ghs/3739bde9-1f79-47b6-ad02-909ec9826344/3cac9666-e4dc-4323-8cb0-078703b3e9fd.jpeg?h=225&w=225
Muller Corner Strawberry Yogurt 136G,€1.19,Any 4 for €3.75 Clubcard Price - Selected Muller Yogurt Or Desserts 124g-170g,€8.75/kg,https://www.tesco.ie/groceries/en-IE/products/311954680,https://digitalcontent.api.tesco.com/v2/media/ghs/6b02c0f8-5ff4-42b8-a9d7-81d050fcf688/7656e9e9-8bf3-486f-86c1-daf279d0a0ba.jpeg?h=225&w=225
Actimel Kids Strawberry Banana Yoghurt Drink Multipack 4x100g,€2.39,€2.00 Clubcard Price,€5.98/kg,https://www.tesco.ie/groceries/en-IE/products/309478497,https://digitalcontent.api.tesco.com/v2/media/ghs/c154077b-77fd-4a10-a171-21744dbab0a7/776b296f-4747-4ce4-85d2-f2d50b5c5b5c.jpeg?h=225&w=225
Fage Total 5% Fat Greek Recipe Yogurt 450G,€4.35,Any 2 for €7 Clubcard Price - Selected Fage Total Yoghurt 450g,€9.67/kg,https://www.tesco.ie/groceries/en-IE/products/311220949,https://digitalcontent.api.tesco.com/v2/media/ghs/d8a5a04a-daed-40c2-adef-316367e36579/e69b5add-ac9c-4453-8384-4f1c18335c64.jpeg?h=225&w=225
Glenisk Organic Kids Strawberry Yogurt 4X90g,€2.49,Any 3 for €5 Clubcard Price - Selected Cheese Or Fresh Soup Or Meat Or Yogurt & Desserts,€6.92/kg,https://www.tesco.ie/groceries/en-IE/products/312089861,https://digitalcontent.api.tesco.com/v2/media/ghs/a1bdfa64-ae43-4555-b325-099dc7182d07/f710cc93-518a-41c5-b52e-810fbd906bb3.jpeg?h=225&w=225
Glenilen Farm Raspberry Yoghurts 4X 125G,€3.29,€2.50 Clubcard Price,€6.58/kg,https://www.tesco.ie/groceries/en-IE/products/282746740,https://digitalcontent.api.tesco.com/v2/media/ghs/7d836445-dda4-4e2b-9313-a890d8eb6697/7c40e5f9-1fb3-4574-8296-c3d05928115b.jpeg?h=225&w=225
Bio-Tiful Dairy Kefir Drink Original 500Ml,€2.60,€2.00 Clubcard Price,€5.20/litre,https://www.tesco.ie/groceries/en-IE/products/302529973,https://digitalcontent.api.tesco.com/v2/media/ghs/b2a948d9-4adb-4b7c-811c-f95d1ef4c53b/b1c09816-9f7a-45e6-9c36-638d451e44ac.jpeg?h=225&w=225
Benecol Blueberry Yogurt Drink 6X67.5G,€5.29,€4.50 Clubcard Price,€13.06/kg,https://www.tesco.ie/groceries/en-IE/products/268890208,https://digitalcontent.api.tesco.com/v2/media/ghs/351c58bc-f847-4a21-a6fb-d87afce47bf3/ea258bae-9ac9-4e90-bb2a-7138928a3b7a.jpeg?h=225&w=225
Muller Light Greek Style Strawberry Yogurt 4X115g,€3.12,Any 3 for €5 Clubcard Price - Selected Cheese Or Fresh Soup Or Meat Or Yogurt & Desserts,€6.78/kg,https://www.tesco.ie/groceries/en-IE/products/311934773,https://digitalcontent.api.tesco.com/v2/media/ghs/481329bd-596d-4a61-a7be-053c0d31ad21/ddced797-5a3f-4436-b828-99107069753c.jpeg?h=225&w=225
Killowen Farm Whole Milk Yogurts Berry Selection 6X125g,€3.99,€2.99 Clubcard Price,€5.32/kg,https://www.tesco.ie/groceries/en-IE/products/306663259,https://digitalcontent.api.tesco.com/v2/media/ghs/378dc4e9-b2f9-418d-958d-bd896aedc6dd/42be3296-779e-4a32-a563-237d25f8dd78_765998200.jpeg?h=225&w=225
Petits Filous Vanilla Drinking Yoghurt 4X100g,€2.89,€2.50 Clubcard Price,€7.22/kg,https://www.tesco.ie/groceries/en-IE/products/303930668,https://digitalcontent.api.tesco.com/v2/media/ghs/c4f64cfc-97aa-4db2-bda3-fdb46a91127f/98774ae9-9213-4478-a84a-29fcac6ac410_853928354.jpeg?h=225&w=225
Biotiful Kefir Strawberry Dairy Drink 500Ml,€2.60,€2.00 Clubcard Price,€5.20/litre,https://www.tesco.ie/groceries/en-IE/products/304371059,https://digitalcontent.api.tesco.com/v2/media/ghs/2e48cbe8-17eb-4ecf-b707-6f26fd3ecf07/3cdd1f5a-4002-47f1-a836-e7de44908e99_1600263527.jpeg?h=225&w=225
Yoplait Raspberry 4 Pack (4X125g),€2.99,Any 2 for €4 Clubcard Price - Selected Yoplait Products,€5.98/kg,https://www.tesco.ie/groceries/en-IE/products/277117974,https://digitalcontent.api.tesco.com/v2/media/ghs/f429c919-bfbc-499c-8f9d-d78d21d72ade/d39b564c-997d-4a69-b52c-3acc18079545_1679485414.jpeg?h=225&w=225
Lindhals Kvary Coconut Pot 150G,€1.49,€1.00 Clubcard Price,€9.93/kg,https://www.tesco.ie/groceries/en-IE/products/302623446,https://digitalcontent.api.tesco.com/v2/media/ghs/159ad15e-1cf8-4ad7-85a2-6b97ef087883/cb435108-73dc-4a2a-998f-354e65c1f65e_1084260619.jpeg?h=225&w=225
GetPro Chocolate High Protein Mousse 200g,Currently out of stock,,,https://www.tesco.ie/groceries/en-IE/products/314836556,https://digitalcontent.api.tesco.com/v2/media/ghs/9785ac22-a75d-46b9-a095-7eff5c2e9f2d/9a904c92-958a-4e3d-9f19-6167567839c9.jpeg?h=225&w=225
Muller Corner Strawberry Peach & Apricot Yogurts 6 X 136G,€5.00,€4.75 Clubcard Price,€6.13/kg,https://www.tesco.ie/groceries/en-IE/products/311781503,https://digitalcontent.api.tesco.com/v2/media/ghs/bd153dba-9992-4126-bff9-e33059641357/af9fd7d8-1f2e-4479-9303-91b4a5c3723a.jpeg?h=225&w=225
Yoplait Smooth Mix Yel From 125Gx4,€2.99,Any 2 for €4 Clubcard Price - Selected Yoplait Products,€5.98/kg,https://www.tesco.ie/groceries/en-IE/products/297973107,https://digitalcontent.api.tesco.com/v2/media/ghs/2c590a5d-8836-46e3-be3a-8695ccf77c02/ab8039ad-61cb-4d52-96e6-6fe2dba992f6_732455363.jpeg?h=225&w=225
Muller Corner Toffee Hoops Yogurt 124G,€1.19,Any 4 for €3.75 Clubcard Price - Selected Muller Yogurt Or Desserts 124g-170g,€9.60/kg,https://www.tesco.ie/groceries/en-IE/products/311201828,https://digitalcontent.api.tesco.com/v2/media/ghs/af284037-6d1f-408d-b472-5ed994c4a964/128b715f-3666-4735-984e-2e123d9bba44.jpeg?h=225&w=225
Irish Yogurts Whole Milk Natural Live 1Kg,€2.49,€2.00 Clubcard Price,€2.49/kg,https://www.tesco.ie/groceries/en-IE/products/309491797,https://digitalcontent.api.tesco.com/v2/media/ghs/2971f054-ae3e-4ddb-a648-3b1ec0978ae5/0582f899-3c55-4e50-81ed-e661b46866b8_123584100.jpeg?h=225&w=225
GetPro Caramel High Protein Pudding 180g,€2.19,€1.50 Clubcard Price,€12.17/kg,https://www.tesco.ie/groceries/en-IE/products/315075890,https://digitalcontent.api.tesco.com/v2/media/ghs/81c0e41d-76f2-4d6e-9121-8be3fff0cbd6/1d7a8b15-64c5-4b78-8575-57edb36f833f.jpeg?h=225&w=225
Muller Light Vanilla Dark Chocolate Yogurt 160G,€1.19,Any 4 for €3.75 Clubcard Price - Selected Muller Yogurt Or Desserts 124g-170g,€7.44/kg,https://www.tesco.ie/groceries/en-IE/products/303673373,https://digitalcontent.api.tesco.com/v2/media/ghs/85b603ef-fca9-40f8-9561-110642ed9436/c8774295-b603-4f2d-9c46-7d618ba06d6f.jpeg?h=225&w=225
Cadbury Dairy Milk Buttons Chocolate Dessert 75G,€1.48,Any 2 for €2.30 Clubcard Price - Selected Cadbury Products 75g,€19.73/kg,https://www.tesco.ie/groceries/en-IE/products/311781296,https://digitalcontent.api.tesco.com/v2/media/ghs/f90074b1-0744-4546-8afc-b083586ca968/70b24ed3-342a-4b49-9c72-0647072d45f9.jpeg?h=225&w=225
Muller Light Tffee Fat Free Yogurts 6X140g,€4.89,€3.00 Clubcard Price,€5.82/kg,https://www.tesco.ie/groceries/en-IE/products/311957694,https://digitalcontent.api.tesco.com/v2/media/ghs/5ac820cc-81d7-4b92-a6f2-887890ae4565/2be26027-b0b7-4513-89b1-5b155841205a.jpeg?h=225&w=225
Muller Light 0% Fat Vanilla Orange & Caramel Yogurt 6X140g,€4.89,€3.00 Clubcard Price,€5.82/kg,https://www.tesco.ie/groceries/en-IE/products/311449178,https://digitalcontent.api.tesco.com/v2/media/ghs/91f32b70-bf1c-4726-bb5e-ea8f6a39ef72/441cd60b-e7ef-430e-b595-2958985d2991.jpeg?h=225&w=225
Irish Yogurts 0% Fat Natural Kefir 1Kg,€2.99,€2.50 Clubcard Price,€2.99/kg,https://www.tesco.ie/groceries/en-IE/products/309488583,https://digitalcontent.api.tesco.com/v2/media/ghs/bb42aca7-8815-4443-8ed5-0912ea005b0b/65aa95f4-dfac-4ef0-b49d-8ed48dd038b1_904243728.jpeg?h=225&w=225
Glenisk Organic Kids Banana Yoghurt 4X90g,€2.49,Any 3 for €5 Clubcard Price - Selected Cheese Or Fresh Soup Or Meat Or Yogurt & Desserts,€6.92/kg,https://www.tesco.ie/groceries/en-IE/products/311428779,https://digitalcontent.api.tesco.com/v2/media/ghs/f68387bf-7eb1-4b03-ba08-fb5686829b7c/46746c6d-2c38-4cb9-b261-8bb2a55d9c4b_1615477454.jpeg?h=225&w=225
Glenilen Farm Summerberries& Natural Yoghurt 4X125g,€2.99,€2.50 Clubcard Price,€5.98/kg,https://www.tesco.ie/groceries/en-IE/products/290090477,https://digitalcontent.api.tesco.com/v2/media/ghs/d2b3cc24-4a95-41e1-b98b-23befc57293f/ebba6c12-192c-4ab6-b904-2c950f3d3204_477428492.jpeg?h=225&w=225
Munch Bunch Squashums Strawberry 5 x 60g,€2.69,€2.00 Clubcard Price,€8.97/kg,https://www.tesco.ie/groceries/en-IE/products/315299803,https://digitalcontent.api.tesco.com/v2/media/ghs/b1d042b8-ea23-49b4-bbb7-4c71990369a9/4d345582-becc-4627-9adf-f36cf7d90a2b.jpeg?h=225&w=225
Light & Free Strawberry Greek Style Fat Free Yoghurt 4x115g,€3.29,€2.50 Clubcard Price,€7.15/kg,https://www.tesco.ie/groceries/en-IE/products/292612152,https://digitalcontent.api.tesco.com/v2/media/ghs/56ddaa58-a828-41b5-abad-119460064774/21bbe823-e360-4a70-ae8a-7787534cb506.jpeg?h=225&w=225
Graham's Protein 25G Strawberry Quark 200G,€1.89,€1.50 Clubcard Price,€9.45/kg,https://www.tesco.ie/groceries/en-IE/products/309462170,https://digitalcontent.api.tesco.com/v2/media/ghs/eb36c206-6def-47f1-bdc8-4f853628b9d7/c6b9cca8-df1c-4b25-b2e2-46fe83281ce6.jpeg?h=225&w=225
Muller Light Red Fruit Assorted Fat Free Yogurt 6X140g,€4.89,€3.00 Clubcard Price,€5.82/kg,https://www.tesco.ie/groceries/en-IE/products/311935766,https://digitalcontent.api.tesco.com/v2/media/ghs/2b4d2417-8a45-499a-8729-945421fb7b05/dd1c9800-0b7f-4c44-aae4-a3ce7ad01f9b.jpeg?h=225&w=225
Killowen Farm Strawberry Live Yoghurt 135G,Currently out of stock,,,https://www.tesco.ie/groceries/en-IE/products/261887316,https://digitalcontent.api.tesco.com/v2/media/ghs/c133efb7-0b66-4568-9467-c154ccba14cb/87fdffaf-9b1a-4016-aa2e-a3b7db75b5ad_446433137.jpeg?h=225&w=225
Light & Free Raspberry Greek Style Fat Free Yoghurt 4x115g,€3.29,€2.50 Clubcard Price,€7.15/kg,https://www.tesco.ie/groceries/en-IE/products/292612503,https://digitalcontent.api.tesco.com/v2/media/ghs/79463169-8bfa-4805-a1eb-d02a62503f91/fd6d1667-2a65-43e8-bd80-6b478b836084_1501136179.jpeg?h=225&w=225
Irish Yoghurt Clonakilty Yoghurt Strawberry 450G,€1.99,€1.50 Clubcard Price,€4.42/kg,https://www.tesco.ie/groceries/en-IE/products/306191955,https://digitalcontent.api.tesco.com/v2/media/ghs/dac0bc6e-a9b2-4a11-9968-3345e97a512f/0677f424-949b-4886-9877-18dd40a98161_535020415.jpeg?h=225&w=225
Lindahls Kvarg White Chocolate Flavour Quark 500G,€2.99,Any 2 for €5.50 Clubcard Price - Selected Lindahls Kvarg Active Health Yoghurts 500g,€5.98/kg,https://www.tesco.ie/groceries/en-IE/products/312347798,https://digitalcontent.api.tesco.com/v2/media/ghs/d00a658d-0856-4dc4-861b-8950b0c2fa6d/b1d4cafa-88e9-4cd3-89a7-b2bef77bd3e3_15002306.jpeg?h=225&w=225
Actimel Multifruit Yoghurt Drink 8 X 100G,€4.49,€3.50 Clubcard Price,€5.61/kg,https://www.tesco.ie/groceries/en-IE/products/278332106,https://digitalcontent.api.tesco.com/v2/media/ghs/b8aafed9-f99b-467a-87cc-6d0c90a6175d/ed1b26e5-2598-4f6b-b4ab-523d82540450_208485549.jpeg?h=225&w=225
Graham's Protein 25G Peach Quark 200G,€1.89,€1.50 Clubcard Price,€9.45/kg,https://www.tesco.ie/groceries/en-IE/products/309478848,https://digitalcontent.api.tesco.com/v2/media/ghs/17957b26-8e5f-4a7c-9d34-3b0f4f08c0dc/b43178ef-131a-4432-a701-833354d150b7.jpeg?h=225&w=225
Muller Light Toffee Yogurt 160G,€1.19,Any 4 for €3.75 Clubcard Price - Selected Muller Yogurt Or Desserts 124g-170g,€7.44/kg,https://www.tesco.ie/groceries/en-IE/products/303668149,https://digitalcontent.api.tesco.com/v2/media/ghs/a5a22f39-7a86-45cb-84ca-d3e9bcdb741b/4660a6c9-e33f-4e47-a536-e692bbb0d388.jpeg?h=225&w=225
Actimel Kids Peach Immunity Yoghurt Drink Multipack 4x100g,€2.39,€2.00 Clubcard Price,€5.98/kg,https://www.tesco.ie/groceries/en-IE/products/309498594,https://digitalcontent.api.tesco.com/v2/media/ghs/ec4fb27b-1ca0-4814-bfe2-10d30005619a/74446956-98ea-4817-9efe-3a6f7812acd2_1417175856.jpeg?h=225&w=225
Actimel Multifruit Immunity Live Yoghurt Drink Multipack 8X100g,€4.49,€3.50 Clubcard Price,€5.61/kg,https://www.tesco.ie/groceries/en-IE/products/256145937,https://digitalcontent.api.tesco.com/v2/media/ghs/f26b66b2-d15c-4d0b-be05-d088107ac3b7/8da38730-ed93-4aea-8e63-0b4a28d0431a.jpeg?h=225&w=225
Danone GetPro Protein Vanilla Yogurt 160G,€1.59,€1.00 Clubcard Price,€9.94/kg,https://www.tesco.ie/groceries/en-IE/products/315362319,https://digitalcontent.api.tesco.com/v2/media/ghs/fe6d1f9f-1bea-4b57-a913-0b0a39fdd365/f50a67ec-6225-4ddf-987d-489d1ef87edf_249144016.jpeg?h=225&w=225
GetPro Chocolate & Caramel High Protein Mousse 200g,€2.99,€2.00 Clubcard Price,€14.95/kg,https://www.tesco.ie/groceries/en-IE/products/315147926,https://digitalcontent.api.tesco.com/v2/media/ghs/724331f1-499b-439f-bf7a-75cfed66d7ac/e4e51486-e35a-438e-b774-1d9eb3bc7efa.jpeg?h=225&w=225
Lindahls Kvarg Raspberry Flavour Quark 500G,€2.99,Any 2 for €5.50 Clubcard Price - Selected Lindahls Kvarg Active Health Yoghurts 500g,€5.98/kg,https://www.tesco.ie/groceries/en-IE/products/312581583,https://digitalcontent.api.tesco.com/v2/media/ghs/7b7b9785-5510-46ce-9a7a-fdfbb774ccc6/74c8fab8-4365-4b37-bc35-45d8f6aafe1a_893137741.jpeg?h=225&w=225
Glenilen Farm Mango And Passio Yoghurts 4X 125G,€2.99,€2.50 Clubcard Price,€5.98/kg,https://www.tesco.ie/groceries/en-IE/products/282764107,https://digitalcontent.api.tesco.com/v2/media/ghs/0f2bf94a-ef67-4ef3-860c-5b75b1f4205d/24f44a8a-2fad-42d2-8889-9f52f76d0767_2032491051.jpeg?h=225&w=225
Light & Free Peach Greek Style Fat Free Yoghurt 4x115g,€3.29,€2.50 Clubcard Price,€7.15/kg,https://www.tesco.ie/groceries/en-IE/products/292612941,https://digitalcontent.api.tesco.com/v2/media/ghs/26ff05ff-4f7d-48b5-8596-09e4f9d0e2b4/f7145e9d-79d5-4524-9a81-edc764f48a19.jpeg?h=225&w=225
Benecol Peach & Apricot No Added Sugar 6 x 67.5g,€5.29,€4.50 Clubcard Price,€13.06/kg,https://www.tesco.ie/groceries/en-IE/products/260191530,https://digitalcontent.api.tesco.com/v2/media/ghs/4113a65d-9405-496e-8a30-9e10fe7c1e18/1665cef3-39e4-48c3-9793-56c9a9452622_127395917.jpeg?h=225&w=225
Smarties Split Pot Vanilla Flavour Yogurt 4X107g,€3.49,€3.00 Clubcard Price,€8.15/kg,https://www.tesco.ie/groceries/en-IE/products/312104222,https://digitalcontent.api.tesco.com/v2/media/ghs/046cc23e-e5c5-40b2-903b-993c3d10d800/1638e241-6d6c-4a77-af10-5982b77916a6.jpeg?h=225&w=225
Kinder Choco Fresh 5 Pack 102.5G,€2.99,€2.50 Clubcard Price,€29.17/kg,https://www.tesco.ie/groceries/en-IE/products/306820356,https://digitalcontent.api.tesco.com/v2/media/ghs/fc43e182-7361-444f-b582-e11498ce5176/5b8a767c-f410-419e-aeb0-25717748ee28_242777137.jpeg?h=225&w=225
GetPro Chocolate & Hazelnut High Protein Pudding 180g,€2.19,€1.50 Clubcard Price,€12.17/kg,https://www.tesco.ie/groceries/en-IE/products/315077323,https://digitalcontent.api.tesco.com/v2/media/ghs/f928c07c-0152-4f0c-8014-24dd39427b33/1cc593af-7641-4a18-a433-96aef0a7d7a2.jpeg?h=225&w=225
Glenilen Farm 0% Fat Raspberry Kefir 4 X 125G,€2.99,€2.50 Clubcard Price,€5.98/kg,https://www.tesco.ie/groceries/en-IE/products/311270814,https://digitalcontent.api.tesco.com/v2/media/ghs/426ae6b1-9b69-4cd8-9617-3ccb04d8b0c3/f30ec324-27fd-45e2-a7d3-1c45d040db0d_1786140335.jpeg?h=225&w=225
Danone GetPro Protein Blueberry Yogurt 160G,€1.59,€1.00 Clubcard Price,€9.94/kg,https://www.tesco.ie/groceries/en-IE/products/315342735,https://digitalcontent.api.tesco.com/v2/media/ghs/69a7919d-15df-4966-ba6f-4305519011d8/6edbdfbf-34c2-4864-9280-4297365c01d8_501377564.jpeg?h=225&w=225
Yoplait Zero Zero Peach 125G,€2.99,€2.00 Clubcard Price,€23.92/kg,https://www.tesco.ie/groceries/en-IE/products/305712669,https://digitalcontent.api.tesco.com/v2/media/ghs/0eb96bfa-7a1d-4660-87c8-ed54b6aa4dd1/5df82e81-b970-4ea6-b558-5fdb833ebaee_1063510656.jpeg?h=225&w=225
Irish Yogurts Low Fat Grk/Style Natural 1Kg,€2.49,€2.00 Clubcard Price,€2.49/kg,https://www.tesco.ie/groceries/en-IE/products/309196980,https://digitalcontent.api.tesco.com/v2/media/ghs/bc2c578c-97b4-40da-8bba-e7e1c5bf9991/67a135ce-047d-46e1-bcef-6f60b4c011bf_1984785429.jpeg?h=225&w=225
Irish Yogurts Clonakilty Mango Passion Fruit 450G,€1.99,€1.50 Clubcard Price,€4.42/kg,https://www.tesco.ie/groceries/en-IE/products/306191978,https://digitalcontent.api.tesco.com/v2/media/ghs/d24cabb5-d3da-4b5d-ac90-65dba3df2a55/d026c67f-d70c-4f03-bd85-31c7070f7eb2_1520504038.jpeg?h=225&w=225
Muller Corner Skyr Raspberry And Hazlenut Granola Yoghurt 170G,€1.69,Any 2 for €3 Clubcard Price - Selected Muller Corner Products 170g,€9.94/kg,https://www.tesco.ie/groceries/en-IE/products/311430856,https://digitalcontent.api.tesco.com/v2/media/ghs/a4b79df3-d3bc-4f8b-8211-241df52ef903/571e5080-7004-42f9-bc3c-7b9227ae923c_564626952.jpeg?h=225&w=225
Actimel Fat Free Strawberry Yogurt Drink 8 X100g,€4.49,€3.50 Clubcard Price,€5.61/kg,https://www.tesco.ie/groceries/en-IE/products/255024950,https://digitalcontent.api.tesco.com/v2/media/ghs/685b63ac-f0fa-438b-a9b5-f150393c99fd/e30f122b-3402-4e1b-a808-646a83e767f8_1964384737.jpeg?h=225&w=225
Muller Light Banana Custard Yogurt 160G,€1.19,Any 4 for €3.75 Clubcard Price - Selected Muller Yogurt Or Desserts 124g-170g,€7.44/kg,https://www.tesco.ie/groceries/en-IE/products/303668126,https://digitalcontent.api.tesco.com/v2/media/ghs/e9354dab-aec2-4c57-9b1a-2721208167b5/9f11f679-e15b-4678-a9e9-5753877bec53.jpeg?h=225&w=225
Actimel Raspberry Fat Free Immunity Live Yoghurt Drink Multipack 8X100g,€4.49,€3.50 Clubcard Price,€5.61/kg,https://www.tesco.ie/groceries/en-IE/products/258837908,https://digitalcontent.api.tesco.com/v2/media/ghs/1b88b646-7d8b-4c60-b242-da0d905d8208/3bf40410-e5fa-4a6a-8f41-c1b8a3ab8601.jpeg?h=225&w=225
Yoplait Original Blueberry Yoghurt 4 X 125G,€2.99,Any 2 for €4 Clubcard Price - Selected Yoplait Products,€5.98/kg,https://www.tesco.ie/groceries/en-IE/products/308497314,https://digitalcontent.api.tesco.com/v2/media/ghs/bb153ea3-66f0-47c5-85d5-be90e11cc837/68b3c2cc-2c40-4ecb-b4da-4eb03f7ac6ee_590326779.jpeg?h=225&w=225
Graham's Protein 25G Raspberry Quark 200G,€1.89,€1.50 Clubcard Price,€9.45/kg,https://www.tesco.ie/groceries/en-IE/products/309486549,https://digitalcontent.api.tesco.com/v2/media/ghs/9324faef-295a-422c-a1ee-d04e12ace1af/07371a1c-d479-4f33-821f-0a1c5383d139.jpeg?h=225&w=225
Killowen Farm Raspberry Live Yoghurt 135G,€0.89,Any 3 for €2 Clubcard Price - Selected Killowen Farm Yogurt 135g,€6.59/kg,https://www.tesco.ie/groceries/en-IE/products/261888125,https://digitalcontent.api.tesco.com/v2/media/ghs/3f149c9d-65de-4927-bfc1-e4ecb62493c9/5e17b119-0e11-485b-b00e-2af0aef8b89c_998966422.jpeg?h=225&w=225
Muller Light Fat Free Mango Psn/Fruit Peach Yogurt 6X140g,€4.89,€3.00 Clubcard Price,€5.82/kg,https://www.tesco.ie/groceries/en-IE/products/311229018,https://digitalcontent.api.tesco.com/v2/media/ghs/50e63bcf-260a-4dd7-8aa2-c570b2f09825/60808911-7efd-43f2-b838-479d35db33eb.jpeg?h=225&w=225
Muller Light Strawberry Yogurt 160G,€1.19,Any 4 for €3.75 Clubcard Price - Selected Muller Yogurt Or Desserts 124g-170g,€7.44/kg,https://www.tesco.ie/groceries/en-IE/products/303668495,https://digitalcontent.api.tesco.com/v2/media/ghs/e47fa98a-4eb7-49ff-b08a-3c09802f5a3c/2bb34ec7-ebcb-49c6-9bcb-819a9d7f0543.jpeg?h=225&w=225
Actimel 0% Sprmx Mango Giji Berry Yoghurt Drink 8X100g,€4.49,€3.50 Clubcard Price,€5.61/kg,https://www.tesco.ie/groceries/en-IE/products/308098308,https://digitalcontent.api.tesco.com/v2/media/ghs/682d482d-2c89-4c96-9338-bc4b79152bcc/abeb12fa-1dbf-4671-930e-4db6a206ae5e_1978423297.jpeg?h=225&w=225
Yoplait Double 00% Strawberry 4X125g,€2.99,€2.00 Clubcard Price,€5.98/kg,https://www.tesco.ie/groceries/en-IE/products/297973286,https://digitalcontent.api.tesco.com/v2/media/ghs/ff25965a-2438-41e4-80a7-85cf0b9fa756/ad6f210b-65c9-45cb-a1c6-83fefa8ca719_766321829.jpeg?h=225&w=225
Actimel Plus 100% Vitamin D Strawberry & Pomegranate Live Yoghurt Drink Multipack 8x100g,€4.89,€3.50 Clubcard Price,€6.11/kg,https://www.tesco.ie/groceries/en-IE/products/314934327,https://digitalcontent.api.tesco.com/v2/media/ghs/5d943836-8cbf-4a47-bdb7-4c93f3e560d4/92c58066-afb7-4523-b3fa-49654e970b69.jpeg?h=225&w=225
Glenilen Farm Kefir Protein Strawberry Yoghurt Pouch 160g,€1.59,Any 2 for €2.50 Clubcard Price - Selected Glenilen Farm Yoghurt 160g,€9.94/kg,https://www.tesco.ie/groceries/en-IE/products/314310887,https://digitalcontent.api.tesco.com/v2/media/ghs/f9b19f3c-17c3-4e2b-b99a-e354ed2178b3/ebd39ac3-2d14-4f14-92d7-533a9fb1be6e.jpeg?h=225&w=225
Glenilen Farm Kefir Protein Mango Yoghurt Pouch 160g,€1.59,Any 2 for €2.50 Clubcard Price - Selected Glenilen Farm Yoghurt 160g,€9.94/kg,https://www.tesco.ie/groceries/en-IE/products/314586010,https://digitalcontent.api.tesco.com/v2/media/ghs/eaddc793-6c34-4fcd-b100-3f8af97ecf69/811498d3-6255-445d-9f61-f7dd7e14ae2e.jpeg?h=225&w=225
GetPro Strawberry High Protein Yoghurt Drink 300g,€2.79,€1.85 Clubcard Price,€9.30/kg,https://www.tesco.ie/groceries/en-IE/products/314940037,https://digitalcontent.api.tesco.com/v2/media/ghs/06b030d9-d378-40f7-acbd-6569cd21c37d/709c954d-b6b5-48ac-9a9e-821c74828b99.jpeg?h=225&w=225
Irish Yogurts Clonakilty High Protein Vanilla Live Yogurt 350g,€2.29,€1.50 Clubcard Price,€6.54/kg,https://www.tesco.ie/groceries/en-IE/products/315473067,https://digitalcontent.api.tesco.com/v2/media/ghs/b11b1d77-af45-4d36-8886-9e63b69c59c9/77c36347-86bb-4281-b53c-6eb9e85b3994_1834699604.jpeg?h=225&w=225
GetPro Vanilla Cookie High Protein Yoghurt Drink 300g,€2.79,€1.85 Clubcard Price,€9.30/kg,https://www.tesco.ie/groceries/en-IE/products/315164410,https://digitalcontent.api.tesco.com/v2/media/ghs/4e5bca1d-121b-49b1-8602-619f4db72af7/7d52e597-5031-4915-8860-67c29626779f.jpeg?h=225&w=225
GetPro Caramel High Protein Yoghurt Drink 300g,€2.79,€1.85 Clubcard Price,€9.30/kg,https://www.tesco.ie/groceries/en-IE/products/314945916,https://digitalcontent.api.tesco.com/v2/media/ghs/23b620d9-003f-4989-a19f-42a566023e4e/606f6907-b639-4840-b38d-9e36a33efbf0.jpeg?h=225&w=225
Irish Yogurts Clonakilty High Protein Strawberry Live Yogurt 350g,€2.29,€1.50 Clubcard Price,€6.54/kg,https://www.tesco.ie/groceries/en-IE/products/315449707,https://digitalcontent.api.tesco.com/v2/media/ghs/b565e311-0142-47d3-b62d-03750c5d949c/0e4df825-4bc4-450a-90cb-fad004342a01_1385301297.jpeg?h=225&w=225
Actimel Plus 100% Vitamin D Mango & Turmeric Live Yoghurt Drink Multipack 8x100g,€4.99,€3.50 Clubcard Price,€6.24/kg,https://www.tesco.ie/groceries/en-IE/products/314953048,https://digitalcontent.api.tesco.com/v2/media/ghs/0744146a-1817-4f33-be77-25044cf21bbe/30b09e70-15e8-467e-9859-4028a6000196.jpeg?h=225&w=225
Irish Yogurts Clonakilty 43g High Protein Natural Live Yogurt 350g,€2.29,€1.50 Clubcard Price,€6.54/kg,https://www.tesco.ie/groceries/en-IE/products/315447067,https://digitalcontent.api.tesco.com/v2/media/ghs/ac93d3e5-f24e-4827-b8e5-6707f03cf9ea/1f365756-3144-4d4e-b35b-254ed838ffaf_1518354411.jpeg?h=225&w=225
