Title,Price,Promotional Price,Price Per,Product URL,Image URL
Tesco Fromage Frais Strawberry Raspberry Pouches 4 X 80G,€1.19,,€3.72/kg,https://www.tesco.ie/groceries/en-IE/products/299970418,https://digitalcontent.api.tesco.com/v2/media/ghs/3bed17fd-d8d7-4589-82e6-518a8d29ea28/0e4bbd60-e638-4f96-9a11-68ae62fcf696.jpeg?h=225&w=225
Frubes Strawberry Red Berry & Peach Yogurts 9X37g,€2.89,Any 3 for €5 Clubcard Price - Selected Cheese Or Fresh Soup Or Meat Or Yogurt & Desserts,€8.68/kg,https://www.tesco.ie/groceries/en-IE/products/302328940,https://digitalcontent.api.tesco.com/v2/media/ghs/1e570780-6309-4ab3-b0e5-21d652f1ecc0/eea01065-212f-4d66-acaf-1b9eed63208c.jpeg?h=225&w=225
Frubes Strawberry Yogurts 9X37g,€2.89,Any 3 for €5 Clubcard Price - Selected Cheese Or Fresh Soup Or Meat Or Yogurt & Desserts,€8.68/kg,https://www.tesco.ie/groceries/en-IE/products/302328963,https://digitalcontent.api.tesco.com/v2/media/ghs/e2382f9b-fa12-4644-8d05-26e34b60e30a/4e079a60-4609-4e3e-b1d5-41ad19742ca4.jpeg?h=225&w=225
Tesco Greek Style Natural Yoghurt 1Kg,€1.85,,€1.85/kg,https://www.tesco.ie/groceries/en-IE/products/308117938,https://digitalcontent.api.tesco.com/v2/media/ghs/3d7a2146-39da-4e07-bd9b-e41232ffb4d5/f61c3e5e-bf83-4ce3-829e-468638130d91_958017999.jpeg?h=225&w=225
Petits Filous Strawberry Raspberry Fromage Frais 6 X47g,€1.99,€1.50 Clubcard Price,€7.06/kg,https://www.tesco.ie/groceries/en-IE/products/285019796,https://digitalcontent.api.tesco.com/v2/media/ghs/1de4fc66-16ea-46b3-8379-76aa983de5db/e83ab908-a5f2-4122-b03c-006d8d9e07d4.jpeg?h=225&w=225
Munch Bunch Double Up Strawberry Vanilla Yogurt 4 X85g,€2.59,,€7.62/kg,https://www.tesco.ie/groceries/en-IE/products/268776788,https://digitalcontent.api.tesco.com/v2/media/ghs/ddd39087-6df5-4164-b6ac-68ded71168e7/ac50d3e0-f678-4d3f-884d-d69b96b01295.jpeg?h=225&w=225
Tesco Natural Yoghurt 500G,€1.19,,€2.38/kg,https://www.tesco.ie/groceries/en-IE/products/308082471,https://digitalcontent.api.tesco.com/v2/media/ghs/4377e1b2-bbb7-4f6e-9d7f-78d8f3368db6/eee35ffa-2b7a-475e-a4b5-5306f237f222_2039507692.jpeg?h=225&w=225
Tesco Strawberry Yoghurt 4X125g,€1.89,,€3.78/kg,https://www.tesco.ie/groceries/en-IE/products/306825898,https://digitalcontent.api.tesco.com/v2/media/ghs/8b4c4517-38fa-4526-aaae-b234c6f51069/snapshotimagehandler_1328923123.jpeg?h=225&w=225
Muller Corner Vanilla Yogurt With Chocolate Balls 124G,€1.19,Any 4 for €3.75 Clubcard Price - Selected Muller Yogurt Or Desserts 124g-170g,€9.60/kg,https://www.tesco.ie/groceries/en-IE/products/311955794,https://digitalcontent.api.tesco.com/v2/media/ghs/df25de73-31e4-4ac6-afd7-77de9c39f191/fd123f79-6ed1-48ec-b10f-a71862436230.jpeg?h=225&w=225
Petits Filous Strawberry Raspberry Fromage Frais 4 X85g,€2.89,Any 3 for €5 Clubcard Price - Selected Cheese Or Fresh Soup Or Meat Or Yogurt & Desserts,€8.50/kg,https://www.tesco.ie/groceries/en-IE/products/285020943,https://digitalcontent.api.tesco.com/v2/media/ghs/6b4b23b2-9ab8-4dc4-94b2-f81f86922683/11969136-ff9b-489e-a4aa-16d49ea2e605.jpeg?h=225&w=225
Activia Strawberry Gut Health Yoghurt 4x115g,€3.29,€2.50 Clubcard Price,€7.15/kg,https://www.tesco.ie/groceries/en-IE/products/308114446,https://digitalcontent.api.tesco.com/v2/media/ghs/10a71ab5-a1c4-4087-86cd-df3f39be0328/6d332f82-2d43-40c7-8856-bc138d10df58.jpeg?h=225&w=225
Glenisk Organic Kids Vanilla Yogurt 4X90g,€2.49,Any 3 for €5 Clubcard Price - Selected Cheese Or Fresh Soup Or Meat Or Yogurt & Desserts,€6.92/kg,https://www.tesco.ie/groceries/en-IE/products/311950237,https://digitalcontent.api.tesco.com/v2/media/ghs/5745535f-e5c3-4319-9168-fc5769e6e8a4/6a1348ba-c080-4b6d-be54-681aeec0e594.jpeg?h=225&w=225
Muller Corner Vanilla & Banana Chocolate Balls & Flakes 6 X 124G,€5.00,€4.75 Clubcard Price,€6.72/kg,https://www.tesco.ie/groceries/en-IE/products/311937292,https://digitalcontent.api.tesco.com/v2/media/ghs/61c57e46-92f6-4c9b-91f4-5f622fb3871b/5a3fce1c-fe25-4094-8b08-688529fcb605.jpeg?h=225&w=225
Tesco Vanilla Yoghurt 4X125g,€1.89,,€3.78/kg,https://www.tesco.ie/groceries/en-IE/products/306802919,https://digitalcontent.api.tesco.com/v2/media/ghs/595166fb-13d1-4b2c-9ec0-7bb5d7839d26/snapshotimagehandler_356845831.jpeg?h=225&w=225
Creamfields Apricot Strawberry Raspberry Fromage Frais 12 X 50G,€1.15,,€1.92/kg,https://www.tesco.ie/groceries/en-IE/products/299970378,https://digitalcontent.api.tesco.com/v2/media/ghs/4d2875cc-dc17-4fad-a19e-d76dfe8601ef/b1c5d584-8876-4c9a-88aa-ecf8b9b85a76.jpeg?h=225&w=225
Glenilen Farm Live Kids Yogurt Strawberry 360G,€2.19,,€6.08/kg,https://www.tesco.ie/groceries/en-IE/products/303837969,https://digitalcontent.api.tesco.com/v2/media/ghs/ba5391c4-71d1-44ea-918b-96d92857c670/1e1ce347-4ec8-4692-9328-3bc5310f5802.jpeg?h=225&w=225
Tesco 0% Fat Greek Style Yoghurt 500G,€1.29,,€2.58/kg,https://www.tesco.ie/groceries/en-IE/products/308106387,https://digitalcontent.api.tesco.com/v2/media/ghs/c4e8470e-8c6e-471c-8280-f977d84c9f82/57b4b6d7-0c26-4b36-a65f-a24d99f9f472_2013758772.jpeg?h=225&w=225
Tesco Greek Style Lemon Yogurts 4X125g,€1.89,,€3.78/kg,https://www.tesco.ie/groceries/en-IE/products/309455098,https://digitalcontent.api.tesco.com/v2/media/ghs/5ce8a3eb-2594-4cf5-a88c-f903f3b45593/5a7f9d37-d28e-45f3-804f-3fcf8988035a_1281819333.jpeg?h=225&w=225
Paw Patrol Strawberry Fromage Frais 6X45g,€1.49,,€5.52/kg,https://www.tesco.ie/groceries/en-IE/products/296361764,https://digitalcontent.api.tesco.com/v2/media/ghs/c7cb3a03-7f1c-4d01-8808-3babd8aec8d4/4c2a0d44-5014-4a8a-9090-6823fa1716d5_1411067689.jpeg?h=225&w=225
Tesco Greek Style Vanilla Yoghurt 450G,€1.29,,€2.87/kg,https://www.tesco.ie/groceries/en-IE/products/309449590,https://digitalcontent.api.tesco.com/v2/media/ghs/62ff2d2f-6043-4fb0-900f-d8f4b4f334ce/b6ce37d9-69dc-4852-90d2-23ee905f2efe_1375398518.jpeg?h=225&w=225
Wildlife Choobs Variety 6X37g,€1.49,,€6.71/kg,https://www.tesco.ie/groceries/en-IE/products/310119778,https://digitalcontent.api.tesco.com/v2/media/ghs/f29d308a-c7ec-463e-bb88-2ef6b61fb500/04b09f0d-48af-497b-bd74-8de1d6980600.jpeg?h=225&w=225
Lindahls Kvarg Raspberry 150G Pot,€1.49,€1.00 Clubcard Price,€9.93/kg,https://www.tesco.ie/groceries/en-IE/products/301253516,https://digitalcontent.api.tesco.com/v2/media/ghs/df77f18b-fa9c-49d8-9350-d0b3958c154f/96fe26ea-df99-4770-8777-c6f427f6e1f5.jpeg?h=225&w=225
Tesco Toffee And Caramel Yoghurt 150G,€0.75,,€5.00/kg,https://www.tesco.ie/groceries/en-IE/products/303824944,https://digitalcontent.api.tesco.com/v2/media/ghs/b5786f40-3066-41e6-99fd-686c83d0d459/d2aa2490-79b1-475b-a962-d0fdeeb95e9e_128467036.jpeg?h=225&w=225
Tesco Finest Greek Yogurt 500G,€3.00,,€6.00/kg,https://www.tesco.ie/groceries/en-IE/products/256381115,https://digitalcontent.api.tesco.com/v2/media/ghs/bac55a0d-abce-4a2d-b388-7491a0f604ad/4a4708aa-7fee-4c9d-9bf4-0f4a460c8ba6.jpeg?h=225&w=225
Petits Filous Apricot And Strawberry Fromage Frais 6X47g,€1.99,€1.50 Clubcard Price,€7.06/kg,https://www.tesco.ie/groceries/en-IE/products/285020056,https://digitalcontent.api.tesco.com/v2/media/ghs/8446c4d3-e911-4823-86e4-8a65a05dd248/9e701f9a-47d3-49f0-9b48-c957a3a6f7b3_1196305981.jpeg?h=225&w=225
Fage Total 0%Fat Greek Recipe Yogurt 450G,€4.35,Any 2 for €7 Clubcard Price - Selected Fage Total Yoghurt 450g,€9.67/kg,https://www.tesco.ie/groceries/en-IE/products/311229525,https://digitalcontent.api.tesco.com/v2/media/ghs/1fe53ad7-bce5-47a9-b0ca-21a2baf7320c/97b2182d-57bf-4307-b5e5-28a54bfa522d.jpeg?h=225&w=225
Tesco Greek Style Natural 500G,€1.29,,€2.58/kg,https://www.tesco.ie/groceries/en-IE/products/286095541,https://digitalcontent.api.tesco.com/v2/media/ghs/8e4d8ec9-3bd1-49ec-84a7-c357f2943a9e/snapshotimagehandler_1944077372.jpeg?h=225&w=225
Tesco Raspberry Yoghurt 4X125g,€1.89,,€3.78/kg,https://www.tesco.ie/groceries/en-IE/products/306821453,https://digitalcontent.api.tesco.com/v2/media/ghs/0f5f30b2-0a5c-42a3-b418-31b78d2920ed/snapshotimagehandler_786673683.jpeg?h=225&w=225
Lindahls Kvarg White Chocolate 150G,€1.49,€1.00 Clubcard Price,€9.93/kg,https://www.tesco.ie/groceries/en-IE/products/306953849,https://digitalcontent.api.tesco.com/v2/media/ghs/e9a38e8b-c5e4-4fdd-9a90-f164c51e0acd/1697d4aa-0f20-4923-891c-c86b0af35b6b.jpeg?h=225&w=225
Petits Filous Apricot & Strawberry Fromage Frais 4X85g,€2.89,Any 3 for €5 Clubcard Price - Selected Cheese Or Fresh Soup Or Meat Or Yogurt & Desserts,€8.50/kg,https://www.tesco.ie/groceries/en-IE/products/285021026,https://digitalcontent.api.tesco.com/v2/media/ghs/47120001-9487-4c9d-8fdf-5f62f053c753/13f20a3f-fff2-4df2-84bf-3994cd313d76.jpeg?h=225&w=225
Glenisk Organic Wholemilknatural Yoghurt 500G,€2.49,,€4.98/kg,https://www.tesco.ie/groceries/en-IE/products/262373928,https://digitalcontent.api.tesco.com/v2/media/ghs/6a8f6793-6551-4dee-ab10-e0b78888379d/b308c293-044c-4b9a-b3c0-a92f0288758e_966709133.jpeg?h=225&w=225
Petits Filous S/Berry/R/Berry /Apricot 12X47g,€3.99,,€7.07/kg,https://www.tesco.ie/groceries/en-IE/products/294343599,https://digitalcontent.api.tesco.com/v2/media/ghs/57880454-3b0c-4a0f-8b54-ed1998d8454c/8e6a5ddd-01bd-413d-af5e-e86f862a9882_1217953507.jpeg?h=225&w=225
Yoplait Strawberry Yoghurt 4X125g,€2.99,Any 2 for €4 Clubcard Price - Selected Yoplait Products,€5.98/kg,https://www.tesco.ie/groceries/en-IE/products/263767202,https://digitalcontent.api.tesco.com/v2/media/ghs/9577edc1-2e36-4da2-b80d-316192112d40/f8cc38e0-8051-4bf2-9f06-94942092a4a7_1186108335.jpeg?h=225&w=225
Lindahls Kvarg Vanilla 150G Pot,€1.49,€1.00 Clubcard Price,€9.93/kg,https://www.tesco.ie/groceries/en-IE/products/301253499,https://digitalcontent.api.tesco.com/v2/media/ghs/882355f3-dc8a-4a90-8f00-22f22b2063bc/4214da89-77e8-48a7-a1e7-65bbe409c3e2.jpeg?h=225&w=225
Ferrero Kinder Pingui 4 X 30G,€1.99,,€16.58/kg,https://www.tesco.ie/groceries/en-IE/products/250734716,https://digitalcontent.api.tesco.com/v2/media/ghs/667128bc-a32d-4139-999a-fef5bc8c08bb/34eb9be3-56af-47a7-bb59-dd8f17851dc0.jpeg?h=225&w=225
Muller Rice Low Fat Strawberry Pudding 170G,€1.19,Any 4 for €3.75 Clubcard Price - Selected Muller Yogurt Or Desserts 124g-170g,€7.00/kg,https://www.tesco.ie/groceries/en-IE/products/311668391,https://digitalcontent.api.tesco.com/v2/media/ghs/e2399520-b490-40e0-a1f1-cb0fafd72fa3/5ae2ddf1-40ec-45f8-b343-a009cb210128.jpeg?h=225&w=225
Tesco Fat Free Strawberry Yogurts 4X125g,€1.89,,€3.78/kg,https://www.tesco.ie/groceries/en-IE/products/306815651,https://digitalcontent.api.tesco.com/v2/media/ghs/9281321c-f29d-4e40-ab48-b4b93cc9b9ba/snapshotimagehandler_976806476.jpeg?h=225&w=225
Muller Rice Low Fat Original Pudding 170G,€1.19,Any 4 for €3.75 Clubcard Price - Selected Muller Yogurt Or Desserts 124g-170g,€7.00/kg,https://www.tesco.ie/groceries/en-IE/products/311950056,https://digitalcontent.api.tesco.com/v2/media/ghs/4dddb23b-67a9-44b6-9662-310fe3ee4f94/7298e022-1174-40c9-b9aa-b7ffce58a55e.jpeg?h=225&w=225
Glenisk Organic Greek Style Natural 500G,Currently out of stock,,,https://www.tesco.ie/groceries/en-IE/products/259129745,https://digitalcontent.api.tesco.com/v2/media/ghs/9c4352ac-e817-4ebb-9d14-243b659e904c/415a17ef-b1c8-45fc-828d-aaac1aed44a4.jpeg?h=225&w=225
Muller Corner Strawberry Shortcakes & Milk Chocolate Digestive 6 X 124G,€5.23,€4.75 Clubcard Price,€7.03/kg,https://www.tesco.ie/groceries/en-IE/products/311684019,https://digitalcontent.api.tesco.com/v2/media/ghs/6a7b565c-b1d1-4be6-b1dc-2ce6bbd903e7/734e8461-8981-4870-bb78-218d002c0587.jpeg?h=225&w=225
Frubes Banana And Strawberry Yogurts 9X37g,€2.89,Any 3 for €5 Clubcard Price - Selected Cheese Or Fresh Soup Or Meat Or Yogurt & Desserts,€8.68/kg,https://www.tesco.ie/groceries/en-IE/products/302328986,https://digitalcontent.api.tesco.com/v2/media/ghs/2aa7d586-26dd-458f-b73d-8fd95a7aac6f/6cea3002-7abc-43e5-8f6a-0209e8b9e5d5_912768698.jpeg?h=225&w=225
Muller Rice Low Fat Vanilla Custard Pudding 170G,€1.19,Any 4 for €3.75 Clubcard Price - Selected Muller Yogurt Or Desserts 124g-170g,€7.00/kg,https://www.tesco.ie/groceries/en-IE/products/311252721,https://digitalcontent.api.tesco.com/v2/media/ghs/a03c2853-87c6-4b7b-a27a-692cef4a72ed/ee765f76-ae20-40d5-b722-22392fa7bb94.jpeg?h=225&w=225
Wildlife Choobs Strawberry 6X37g,€1.49,,€6.71/kg,https://www.tesco.ie/groceries/en-IE/products/310152841,https://digitalcontent.api.tesco.com/v2/media/ghs/3e206a18-40da-4119-bed3-3c32f00bb527/fadb8124-9428-42b1-be9c-bec0106d90c7.jpeg?h=225&w=225
Tesco Greek Style Strawberry Yogurts 4X125g,€1.89,,€3.78/kg,https://www.tesco.ie/groceries/en-IE/products/309485367,https://digitalcontent.api.tesco.com/v2/media/ghs/f3e9c704-4b64-4f97-9955-02608fbfce45/a0f82bdc-7956-4259-9713-b4059104f48e_393813102.jpeg?h=225&w=225
Tesco Greek Style Coconut Yoghurt 450G,€1.29,,€2.87/kg,https://www.tesco.ie/groceries/en-IE/products/309497480,https://digitalcontent.api.tesco.com/v2/media/ghs/420b637d-70bd-4888-811b-927a640e3cb3/4010ade7-30df-419a-8c29-bb69d749de4d_2061889121.jpeg?h=225&w=225
Glenilen Farm Live Kids Yogurt Vanilla 360G,€2.19,,€6.08/kg,https://www.tesco.ie/groceries/en-IE/products/303837088,https://digitalcontent.api.tesco.com/v2/media/ghs/cae40116-d94b-468c-9bb3-a867c4b0905a/ebd01277-21ec-48e9-ba0c-bd7f34a59d29.jpeg?h=225&w=225
Yoplait Hazelnut Yoghurt 4X125g,€2.99,Any 2 for €4 Clubcard Price - Selected Yoplait Products,€5.98/kg,https://www.tesco.ie/groceries/en-IE/products/263766946,https://digitalcontent.api.tesco.com/v2/media/ghs/6746db74-36e4-43b6-bf14-763c1219c3ec/b73cc176-f677-4e40-9c67-bb664b96bf45_1529717350.jpeg?h=225&w=225
Tesco Low Fat Greek Style Natural Yoghurt 500G,€1.29,,€2.58/kg,https://www.tesco.ie/groceries/en-IE/products/286020671,https://digitalcontent.api.tesco.com/v2/media/ghs/788d6007-9ade-43d2-97fa-213a7d3363ca/snapshotimagehandler_307794388.jpeg?h=225&w=225
Activia Rhubarb Gut Health Yoghurt 4x115g,€3.29,€2.50 Clubcard Price,€7.15/kg,https://www.tesco.ie/groceries/en-IE/products/308099590,https://digitalcontent.api.tesco.com/v2/media/ghs/d5d9dfd3-1425-4d0a-bfb1-7c9f820eb25f/47b2a0e1-f59e-440a-8ae4-d142f0e2c319.jpeg?h=225&w=225
Glenilen Farm Kids Yoghurt Pouch Strawberry 90G,€0.89,,€9.89/kg,https://www.tesco.ie/groceries/en-IE/products/314582636,https://digitalcontent.api.tesco.com/v2/media/ghs/7ec7ddd2-ca80-49f4-a7c3-2490e177c142/d24460bd-79fb-4a76-a95c-13314a3f468e.jpeg?h=225&w=225
Lindahls Pro+ Lemon Cheesecake Quark 150G,€1.49,€1.00 Clubcard Price,€9.93/kg,https://www.tesco.ie/groceries/en-IE/products/305956449,https://digitalcontent.api.tesco.com/v2/media/ghs/5bd56b51-9734-4c95-823a-72cdd5ff902c/e263ce43-cb77-4754-bd73-836b2b28e661.jpeg?h=225&w=225
Activia Fibre Cereal Breakfast Yoghurt 4X115g,€3.29,€2.50 Clubcard Price,€7.15/kg,https://www.tesco.ie/groceries/en-IE/products/315377509,https://digitalcontent.api.tesco.com/v2/media/ghs/63174bfa-3ccc-4f5a-9599-4edcc0d8adff/c042941b-0aa3-464c-ab2b-4d72fe66cfc1_1288812219.jpeg?h=225&w=225
T Strawberry Yoghurt Fat Free 500G,€1.19,,€2.38/kg,https://www.tesco.ie/groceries/en-IE/products/275794824,https://digitalcontent.api.tesco.com/v2/media/ghs/c25a3ab0-d68b-411c-b4bd-2baef9cde516/snapshotimagehandler_1567370735.jpeg?h=225&w=225
Creamfields Greek Style Natural Yogurt 500G,Currently out of stock,,,https://www.tesco.ie/groceries/en-IE/products/307348303,https://digitalcontent.api.tesco.com/v2/media/ghs/4e794f99-0874-4b12-bd79-af5408ebfe96/9bd50231-6d43-453e-a105-9bdbae25b88f.jpeg?h=225&w=225
Activia Vanilla No Added Sugar Fat Free Gut Health Yoghurt 4x115g,€3.29,€2.50 Clubcard Price,€7.15/kg,https://www.tesco.ie/groceries/en-IE/products/307745501,https://digitalcontent.api.tesco.com/v2/media/ghs/a74e2634-bc98-4361-a5b3-233633bf5096/820960d3-fdb9-4b83-8b67-e20e5828bf1f.jpeg?h=225&w=225
Glenisk Organic Baby Fromage Frais Mango Apple & Banana 4X60g,€2.49,,€10.38/kg,https://www.tesco.ie/groceries/en-IE/products/312223979,https://digitalcontent.api.tesco.com/v2/media/ghs/1cd369f1-6888-4b25-adf6-eabc0c7964be/77a15972-80bc-456f-b0d0-1d6ce598c4f0.jpeg?h=225&w=225
Petits Filous Strawberry Fromage Frais 6 X 47G,€1.99,€1.50 Clubcard Price,€7.06/kg,https://www.tesco.ie/groceries/en-IE/products/285020845,https://digitalcontent.api.tesco.com/v2/media/ghs/eaad2f8f-9b84-4102-8347-aebd66e3ad27/2b65f2f3-d96d-4deb-ac70-e40815139ecc_1277545979.jpeg?h=225&w=225
Glenilen Natural Yoghurt Pot 500G,€2.25,,€4.50/kg,https://www.tesco.ie/groceries/en-IE/products/272361052,https://digitalcontent.api.tesco.com/v2/media/ghs/2e1e07d8-7637-4d2a-9379-519acda0f16c/6db48fb3-2eb3-4893-98de-eaf78edf5bf7_1695698359.jpeg?h=225&w=225
Tesco O% Fat Natural Yoghurt 500G,€1.19,,€2.38/kg,https://www.tesco.ie/groceries/en-IE/products/308101225,https://digitalcontent.api.tesco.com/v2/media/ghs/706818b5-d03d-46e1-885e-00c0198deb0d/5dea2f95-bfa1-41fd-827f-27a216240c98_608587921.jpeg?h=225&w=225
Petis Filous Magic Squares Strawberry / Vanilla 4X80g,€2.89,Any 3 for €5 Clubcard Price - Selected Cheese Or Fresh Soup Or Meat Or Yogurt & Desserts,€9.03/kg,https://www.tesco.ie/groceries/en-IE/products/286442200,https://digitalcontent.api.tesco.com/v2/media/ghs/d4fcae2f-b1cf-4ab4-ab7f-352a3c117c51/a8d3d0ce-adc3-473e-8abd-5655f0042622_1558918476.jpeg?h=225&w=225
Tesco Raspberry Yoghurt 150G,€0.75,,€5.00/kg,https://www.tesco.ie/groceries/en-IE/products/303824839,https://digitalcontent.api.tesco.com/v2/media/ghs/32e28638-21c8-4736-b16e-64ee4fc0dc08/62f4845b-dcff-49a3-8dc4-dea6c172c888_71621111.jpeg?h=225&w=225
Muller Rice Low Fat Apple Pudding 170G,€1.19,Any 4 for €3.75 Clubcard Price - Selected Muller Yogurt Or Desserts 124g-170g,€7.00/kg,https://www.tesco.ie/groceries/en-IE/products/311261606,https://digitalcontent.api.tesco.com/v2/media/ghs/eb12082b-0390-44ee-8633-9f0df0cf99f1/61c288c1-859f-4c65-a5c4-08118d251b53_1214763335.jpeg?h=225&w=225
Glenisk Bio Organic Live Yoghurt Vanilla 4X125g,€2.99,,€5.98/kg,https://www.tesco.ie/groceries/en-IE/products/312566930,https://digitalcontent.api.tesco.com/v2/media/ghs/eea7929b-bc4f-409b-9700-d21a05dde59f/88602ddf-f374-4e9a-9660-a3ad7085c88c_519178382.jpeg?h=225&w=225
Muller Corner Favourites Yoghurt 6 Pack 768G,€5.00,€4.75 Clubcard Price,€6.51/kg,https://www.tesco.ie/groceries/en-IE/products/312108523,https://digitalcontent.api.tesco.com/v2/media/ghs/5fecf02a-0171-4bf4-9b67-bc44d91a4a6f/172a1eb3-4a98-4dda-997c-377bb07e0834_585052640.jpeg?h=225&w=225
Muller Light Greek Style Lemon Yogurt 4X115g,€3.12,Any 3 for €5 Clubcard Price - Selected Cheese Or Fresh Soup Or Meat Or Yogurt & Desserts,€6.78/kg,https://www.tesco.ie/groceries/en-IE/products/311681512,https://digitalcontent.api.tesco.com/v2/media/ghs/139fce9f-1568-403c-be69-c5504a1943ad/4e119369-24cf-4a44-94ec-38ecacff9a0c.jpeg?h=225&w=225
Activia Fibre Walnut & Oat Low Fat Breakfast Gut Health Yoghurt 4x115g,€3.29,€2.50 Clubcard Price,€7.15/kg,https://www.tesco.ie/groceries/en-IE/products/314932047,https://digitalcontent.api.tesco.com/v2/media/ghs/c500f1ea-44b1-45b2-92b0-3a74df7ffce3/75311857-ef66-40b6-bc83-4f5ac1af1c4f.jpeg?h=225&w=225
Petits Filous No Added Sugar Strawberry Banana Fromage Frais 6 X 47G,€1.99,€1.50 Clubcard Price,€7.06/kg,https://www.tesco.ie/groceries/en-IE/products/304375298,https://digitalcontent.api.tesco.com/v2/media/ghs/8443bc1c-80a5-47df-8077-1f4ade41b160/5ae26fc4-8b46-489e-994c-961ce957e447.jpeg?h=225&w=225
Tesco Senga Strawberry Yoghurt 150G,€0.75,,€5.00/kg,https://www.tesco.ie/groceries/en-IE/products/303824869,https://digitalcontent.api.tesco.com/v2/media/ghs/ff034af6-2812-45b1-9461-0640de23866a/7fdce2e3-0b67-4e33-a7c0-09ebc37e4f68_649632740.jpeg?h=225&w=225
Yoplait Smooth Mix Red From 125Gx4,€2.99,Any 2 for €4 Clubcard Price - Selected Yoplait Products,€5.98/kg,https://www.tesco.ie/groceries/en-IE/products/297973205,https://digitalcontent.api.tesco.com/v2/media/ghs/80dd9baa-62fd-451e-8db9-d8f87fdbe04e/a78a2cb2-ece2-46a7-9ab2-8e3e67829e1f_155288972.jpeg?h=225&w=225
Liberte 0% Fat Grk/Style Natural Yoghurt 500G,€2.99,,€5.98/kg,https://www.tesco.ie/groceries/en-IE/products/282513152,https://digitalcontent.api.tesco.com/v2/media/ghs/4f416219-f103-45ec-a1aa-66e4987ed4d4/snapshotimagehandler_332623827.jpeg?h=225&w=225
Lindahls Kvarg Peach & Passion Fruit 150G Pot,€1.49,€1.00 Clubcard Price,€9.93/kg,https://www.tesco.ie/groceries/en-IE/products/301253539,https://digitalcontent.api.tesco.com/v2/media/ghs/a0414bae-8894-42ed-9a55-aa32cbff9505/49e315b4-52bb-4fd1-a1df-c3292133df93_1967075841.jpeg?h=225&w=225
Activia Fusions Prune Gut Health Yoghurt 4x120g,€3.29,€2.50 Clubcard Price,€6.85/kg,https://www.tesco.ie/groceries/en-IE/products/308111910,https://digitalcontent.api.tesco.com/v2/media/ghs/221bfdbc-653b-41ab-97f8-8196f49651c6/1492f57c-01a3-498b-8c13-aa895a21af38.jpeg?h=225&w=225
Lindahls Kvarg Stracciatella Pot 150G,€1.49,€1.00 Clubcard Price,€9.93/kg,https://www.tesco.ie/groceries/en-IE/products/305117056,https://digitalcontent.api.tesco.com/v2/media/ghs/4c2aeb3f-a910-47c4-88e8-0757341e9cc7/b5d81dea-9b84-4b73-a412-f390662ceaf1.jpeg?h=225&w=225
Muller Corner Vanilla Yogurt & Milk Chocolate Digestives 124G,€1.19,Any 4 for €3.75 Clubcard Price - Selected Muller Yogurt Or Desserts 124g-170g,€9.60/kg,https://www.tesco.ie/groceries/en-IE/products/311426355,https://digitalcontent.api.tesco.com/v2/media/ghs/f5ab488c-0fec-4281-952d-8cb1beb007e7/e1ece23c-8751-4349-b08d-2b26ed2bfb09.jpeg?h=225&w=225
Glenisk Organic Baby Fromage Frais Strawberry Mango Banana 4X60g,€2.49,,€10.38/kg,https://www.tesco.ie/groceries/en-IE/products/312224955,https://digitalcontent.api.tesco.com/v2/media/ghs/70a8b56e-6704-4231-b415-dd26a4c27408/ed67a872-ed3f-42a9-8aa7-7cd47c3b25d2.jpeg?h=225&w=225
Glenisk Organic Low Fat Vanilla 450G,€2.49,,€5.53/kg,https://www.tesco.ie/groceries/en-IE/products/259711643,https://digitalcontent.api.tesco.com/v2/media/ghs/5fd425d4-61c7-4876-85e7-1ae13e818430/7ad70a87-3106-42d3-83af-703e45032830_1235446575.jpeg?h=225&w=225
Glenisk Bio Organic Live Yoghurt Natural 4X125g,€2.99,,€5.98/kg,https://www.tesco.ie/groceries/en-IE/products/312358439,https://digitalcontent.api.tesco.com/v2/media/ghs/fd24f92a-fa88-4d54-b61d-a460d36ab812/723207b3-5519-4e39-a7d7-d235b17d8e84_1106074479.jpeg?h=225&w=225
Tesco Finest Lemon Curd Yogurt 150G,€0.89,,€5.93/kg,https://www.tesco.ie/groceries/en-IE/products/309788959,https://digitalcontent.api.tesco.com/v2/media/ghs/f1a09a59-c44f-4e11-a963-967468d81f41/e082b35d-a919-4316-810b-8fdd31117602.jpeg?h=225&w=225
Tesco O% Fat Greek Style Yoghurt 1Kg,€1.85,,€1.85/kg,https://www.tesco.ie/groceries/en-IE/products/308097649,https://digitalcontent.api.tesco.com/v2/media/ghs/b381c975-0c73-4bc9-916b-d8f80cfbd477/e6057bd3-3bcc-4d52-89f2-42d6a77e73b2_1917018244.jpeg?h=225&w=225
Activia Strawberry No Added Sugar Fat Free Gut Health Yoghurt 4x115g,€3.29,€2.50 Clubcard Price,€7.15/kg,https://www.tesco.ie/groceries/en-IE/products/308113849,https://digitalcontent.api.tesco.com/v2/media/ghs/8a7aa18d-d6c2-4198-8227-e045d3e27a24/3b41c292-07ed-461c-b2bc-a2ac3f77b483.jpeg?h=225&w=225
Activia Natural Yoghurt 4X125g,€3.29,€2.50 Clubcard Price,€6.58/kg,https://www.tesco.ie/groceries/en-IE/products/250562631,https://digitalcontent.api.tesco.com/v2/media/ghs/34951f70-397c-485b-b6e2-df552690a5a6/snapshotimagehandler_1299330501.jpeg?h=225&w=225
Tesco Finest 0% Fat Greek Yogurt 500G,€3.00,,€6.00/kg,https://www.tesco.ie/groceries/en-IE/products/275281049,https://digitalcontent.api.tesco.com/v2/media/ghs/0d686a5e-a487-4217-829b-0df2506ce0db/5e24c1cf-a894-43d8-9125-84b14fa5e36b.jpeg?h=225&w=225
Tesco 4 Greek Style Raspberry Yogurts 4X125g,€1.89,,€3.78/kg,https://www.tesco.ie/groceries/en-IE/products/309463111,https://digitalcontent.api.tesco.com/v2/media/ghs/30327054-bbf9-4ac0-8f69-e44774ea06c5/b9cfc7bb-d32c-49f8-b5c7-3599882b5363_1313481317.jpeg?h=225&w=225
Activia Peach No Added Sugar Fat Free Gut Health Yoghurt 4x115g,€3.29,€2.50 Clubcard Price,€7.15/kg,https://www.tesco.ie/groceries/en-IE/products/308090229,https://digitalcontent.api.tesco.com/v2/media/ghs/0b4e68f4-eb6a-4ee4-9996-da902bb8a884/567cd026-ccc0-43db-bf5c-2b82d4d60952.jpeg?h=225&w=225
Glenilen Farm Kids Yoghurt Vanilla 90G,€0.89,,€9.89/kg,https://www.tesco.ie/groceries/en-IE/products/314094868,https://digitalcontent.api.tesco.com/v2/media/ghs/56ecde50-f2d6-4828-ac7e-4601827ee5d6/2e03410c-8758-414e-bffb-cac67142cb6b.jpeg?h=225&w=225
Lindahl's Pro Plus Banoffee Fat Free Quark 150G,€1.49,€1.00 Clubcard Price,€9.93/kg,https://www.tesco.ie/groceries/en-IE/products/310700124,https://digitalcontent.api.tesco.com/v2/media/ghs/8a54629c-b57f-4cac-80ab-050383f4ec56/7ab2d770-2e9a-4bc7-95b4-7ecbdff26667.jpeg?h=225&w=225
Peppa Pig Strawberry Fromage Frais 6X45g,€1.49,,€5.52/kg,https://www.tesco.ie/groceries/en-IE/products/271641638,https://digitalcontent.api.tesco.com/v2/media/ghs/3144dd79-43ae-4b63-bb79-d9bf50076213/99059055-a8dc-448a-90d4-5f1ff7044ab6.jpeg?h=225&w=225
Libert Greek Style Vanila 0% Fat Yoghurt 450G,€2.99,,€6.64/kg,https://www.tesco.ie/groceries/en-IE/products/295058797,https://digitalcontent.api.tesco.com/v2/media/ghs/195fb9df-df49-4b2c-bc20-72606f58d0df/snapshotimagehandler_591941675.jpeg?h=225&w=225
Activia Fibre Muesli Low Fat Breakfast Gut Health Yoghurt 4x115g,€3.29,€2.50 Clubcard Price,€7.15/kg,https://www.tesco.ie/groceries/en-IE/products/314942643,https://digitalcontent.api.tesco.com/v2/media/ghs/a54b2f34-a450-4bc6-a243-bec06ab56412/db0644e4-ae3e-484b-bdf7-67da6d5e0427.jpeg?h=225&w=225
Glenilen Farm Strawberry Yoghurts 4X 125G,€2.99,€2.50 Clubcard Price,€5.98/kg,https://www.tesco.ie/groceries/en-IE/products/282746688,https://digitalcontent.api.tesco.com/v2/media/ghs/597327c3-835c-48d2-ba87-0ac1a4be7a1e/b558ac8f-c121-4279-b37a-546637fedf3d.jpeg?h=225&w=225
Glenisk Organic Kids Apricot Yoghurt 4X90g,€2.49,Any 3 for €5 Clubcard Price - Selected Cheese Or Fresh Soup Or Meat Or Yogurt & Desserts,€6.92/kg,https://www.tesco.ie/groceries/en-IE/products/312108788,https://digitalcontent.api.tesco.com/v2/media/ghs/c4821638-2752-414f-997b-afcbd9589eb8/eb1a8f92-4c33-4ed1-96ef-d0fc8ae3be09_154468756.jpeg?h=225&w=225
Muller Light Greek Style Coconut With Vanilla Yogurt 4X115g,€3.12,Any 3 for €5 Clubcard Price - Selected Cheese Or Fresh Soup Or Meat Or Yogurt & Desserts,€6.78/kg,https://www.tesco.ie/groceries/en-IE/products/311259987,https://digitalcontent.api.tesco.com/v2/media/ghs/a6b0251f-3b1e-4216-a6ad-2ae08b793753/a5dfc5b0-01f0-4145-ab2a-ef55a065df3e.jpeg?h=225&w=225
Munch Bunch Double Strawberry Raspberry Yogurt 4 X85g,€2.59,,€7.62/kg,https://www.tesco.ie/groceries/en-IE/products/272471895,https://digitalcontent.api.tesco.com/v2/media/ghs/492d81aa-8003-4ce5-838d-863f189dd47e/6ac650a7-aac3-43fb-8b83-95ec6cef08ee.jpeg?h=225&w=225
Yoplait Apricot Nectarine 4 Pack (4X125g),€2.99,Any 2 for €4 Clubcard Price - Selected Yoplait Products,€5.98/kg,https://www.tesco.ie/groceries/en-IE/products/277117864,https://digitalcontent.api.tesco.com/v2/media/ghs/52ec95ef-c1e2-41c6-87c1-3c986e6dc1b4/90f7164e-6fa4-4237-9c7e-0d3b95c93bab_220371547.jpeg?h=225&w=225
Tesco 4 Greek Style Natural Yogurts 4X125g,€1.89,,€3.78/kg,https://www.tesco.ie/groceries/en-IE/products/309466350,https://digitalcontent.api.tesco.com/v2/media/ghs/5361e5af-a8f5-4e63-b3e9-f6de8a73ebd3/6bee9206-fdd0-40f9-b27b-096284a7d9ee_820745235.jpeg?h=225&w=225
Glenilen Farm Live Kids Yogurt Banana 360G,€2.19,€2.00 Clubcard Price,€6.08/kg,https://www.tesco.ie/groceries/en-IE/products/303838064,https://digitalcontent.api.tesco.com/v2/media/ghs/3739bde9-1f79-47b6-ad02-909ec9826344/3cac9666-e4dc-4323-8cb0-078703b3e9fd.jpeg?h=225&w=225
Muller Corner Strawberry Yogurt 136G,€1.19,Any 4 for €3.75 Clubcard Price - Selected Muller Yogurt Or Desserts 124g-170g,€8.75/kg,https://www.tesco.ie/groceries/en-IE/products/311954680,https://digitalcontent.api.tesco.com/v2/media/ghs/6b02c0f8-5ff4-42b8-a9d7-81d050fcf688/7656e9e9-8bf3-486f-86c1-daf279d0a0ba.jpeg?h=225&w=225
Fage Total 5% Fat Greek Recipe Yogurt 450G,€4.35,Any 2 for €7 Clubcard Price - Selected Fage Total Yoghurt 450g,€9.67/kg,https://www.tesco.ie/groceries/en-IE/products/311220949,https://digitalcontent.api.tesco.com/v2/media/ghs/d8a5a04a-daed-40c2-adef-316367e36579/e69b5add-ac9c-4453-8384-4f1c18335c64.jpeg?h=225&w=225
Creamfields Low Fat Natural Yogurt 500G,€0.69,,€1.38/kg,https://www.tesco.ie/groceries/en-IE/products/299970292,https://digitalcontent.api.tesco.com/v2/media/ghs/e10caa9e-414f-4664-9f7c-1f34acc5d2c0/69a2154a-5b64-4760-8a18-bc4eea187501.jpeg?h=225&w=225
Glenisk Organic Kids Strawberry Yogurt 4X90g,€2.49,Any 3 for €5 Clubcard Price - Selected Cheese Or Fresh Soup Or Meat Or Yogurt & Desserts,€6.92/kg,https://www.tesco.ie/groceries/en-IE/products/312089861,https://digitalcontent.api.tesco.com/v2/media/ghs/a1bdfa64-ae43-4555-b325-099dc7182d07/f710cc93-518a-41c5-b52e-810fbd906bb3.jpeg?h=225&w=225
Tesco Finest Blackberry And Apple Yoghurt 150G,€1.15,,€7.67/kg,https://www.tesco.ie/groceries/en-IE/products/306653882,https://digitalcontent.api.tesco.com/v2/media/ghs/7c78eae1-dba9-4afc-902c-f888a63130f3/snapshotimagehandler_1822270627.jpeg?h=225&w=225
Glenisk Organic Natural Low Fat Yoghurt 500G,€2.49,,€4.98/kg,https://www.tesco.ie/groceries/en-IE/products/262372296,https://digitalcontent.api.tesco.com/v2/media/ghs/f6b18667-b9ed-48cc-a75c-fa244e8e8d1b/8d48374e-a8cf-4245-a410-f3d7f18fe971_1285547175.jpeg?h=225&w=225
Glenilen Farm Raspberry Yoghurts 4X 125G,€3.29,€2.50 Clubcard Price,€6.58/kg,https://www.tesco.ie/groceries/en-IE/products/282746740,https://digitalcontent.api.tesco.com/v2/media/ghs/7d836445-dda4-4e2b-9313-a890d8eb6697/7c40e5f9-1fb3-4574-8296-c3d05928115b.jpeg?h=225&w=225
Tesco Finest Rhubarb Yoghurt 150G,€1.15,,€7.67/kg,https://www.tesco.ie/groceries/en-IE/products/306800720,https://digitalcontent.api.tesco.com/v2/media/ghs/f6c18db4-2c81-4360-83d1-c72d71cfce8b/snapshotimagehandler_239122617.jpeg?h=225&w=225
Muller Light Greek Style Strawberry Yogurt 4X115g,€3.12,Any 3 for €5 Clubcard Price - Selected Cheese Or Fresh Soup Or Meat Or Yogurt & Desserts,€6.78/kg,https://www.tesco.ie/groceries/en-IE/products/311934773,https://digitalcontent.api.tesco.com/v2/media/ghs/481329bd-596d-4a61-a7be-053c0d31ad21/ddced797-5a3f-4436-b828-99107069753c.jpeg?h=225&w=225
Glenisk Bio Organic Live Yoghurt Blueberry 4X125g,€2.99,,€5.98/kg,https://www.tesco.ie/groceries/en-IE/products/312577992,https://digitalcontent.api.tesco.com/v2/media/ghs/c1d66acc-5b36-48c8-999e-56484de8f8b1/9dd140dd-cb42-417f-934e-2f32f11a1b1b_422692271.jpeg?h=225&w=225
Glenisk Bio Organic Live Yogurt Strawberry 4X125g,€2.99,,€5.98/kg,https://www.tesco.ie/groceries/en-IE/products/312573938,https://digitalcontent.api.tesco.com/v2/media/ghs/22fae2ea-4921-4277-8223-d00d5da2d59b/546e2a4a-cf34-4eaf-ab88-42e7130cfedc.jpeg?h=225&w=225
Glenisk Fat Free Protein Yoghurt Vanilla 4 Pack 400G,€2.99,,€7.48/kg,https://www.tesco.ie/groceries/en-IE/products/288138051,https://digitalcontent.api.tesco.com/v2/media/ghs/5f155236-0c2b-487e-839c-6f768a822edc/b8d068c1-f510-4419-aa20-dad1f4f65be6_1890721863.jpeg?h=225&w=225
Tesco Finest Sicillain Lemon Curd 150G,€1.15,,€7.67/kg,https://www.tesco.ie/groceries/en-IE/products/303929170,https://digitalcontent.api.tesco.com/v2/media/ghs/454be461-3fa0-409b-b2b4-30eceb304e92/snapshotimagehandler_1132997322.jpeg?h=225&w=225
Killowen Farm Whole Milk Yogurts Berry Selection 6X125g,€3.99,€2.99 Clubcard Price,€5.32/kg,https://www.tesco.ie/groceries/en-IE/products/306663259,https://digitalcontent.api.tesco.com/v2/media/ghs/378dc4e9-b2f9-418d-958d-bd896aedc6dd/42be3296-779e-4a32-a563-237d25f8dd78_765998200.jpeg?h=225&w=225
Glenisk Organic Greek Style Blueberry 450G,€2.99,,€6.64/kg,https://www.tesco.ie/groceries/en-IE/products/259129296,https://digitalcontent.api.tesco.com/v2/media/ghs/499989db-8ffd-4bb7-abc8-c69fec5239e9/snapshotimagehandler_271031004.jpeg?h=225&w=225
Glenisk Organic Baby Fromage Frais Natural 4X60g,€2.49,,€10.38/kg,https://www.tesco.ie/groceries/en-IE/products/312229604,https://digitalcontent.api.tesco.com/v2/media/ghs/e0344a5b-7c15-4c0b-aee4-a3d3c24e87f5/c4a1a5b8-22a2-45e1-9afd-5fe179ef9981_1484426238.jpeg?h=225&w=225
Yoplait Raspberry 4 Pack (4X125g),€2.99,Any 2 for €4 Clubcard Price - Selected Yoplait Products,€5.98/kg,https://www.tesco.ie/groceries/en-IE/products/277117974,https://digitalcontent.api.tesco.com/v2/media/ghs/f429c919-bfbc-499c-8f9d-d78d21d72ade/d39b564c-997d-4a69-b52c-3acc18079545_1679485414.jpeg?h=225&w=225
Nomadic Yoghurt And Oat Clusters Chocolate 3 X 169G,€4.75,,€9.37/kg,https://www.tesco.ie/groceries/en-IE/products/311937194,https://digitalcontent.api.tesco.com/v2/media/ghs/025dbb46-e18d-4ea8-92b8-1448abf1e728/982f6e59-b2e3-41df-b2fa-7f145319edb6_312546848.jpeg?h=225&w=225
Lindhals Kvary Coconut Pot 150G,€1.49,€1.00 Clubcard Price,€9.93/kg,https://www.tesco.ie/groceries/en-IE/products/302623446,https://digitalcontent.api.tesco.com/v2/media/ghs/159ad15e-1cf8-4ad7-85a2-6b97ef087883/cb435108-73dc-4a2a-998f-354e65c1f65e_1084260619.jpeg?h=225&w=225
Tesco Sicilian Lemon Yoghurt 150G,€0.75,,€5.00/kg,https://www.tesco.ie/groceries/en-IE/products/303824817,https://digitalcontent.api.tesco.com/v2/media/ghs/f5de0dab-ce14-4d15-ac36-e00fbc66e5f4/35fa0b82-d856-4694-97c8-52b798f62e8b_576919313.jpeg?h=225&w=225
GetPro Chocolate High Protein Mousse 200g,Currently out of stock,,,https://www.tesco.ie/groceries/en-IE/products/314836556,https://digitalcontent.api.tesco.com/v2/media/ghs/9785ac22-a75d-46b9-a095-7eff5c2e9f2d/9a904c92-958a-4e3d-9f19-6167567839c9.jpeg?h=225&w=225
Glenisk Organic High Prtn Fat Free Vanilla Yoghurt 450G,€2.99,,€6.64/kg,https://www.tesco.ie/groceries/en-IE/products/313600641,https://digitalcontent.api.tesco.com/v2/media/ghs/5778a349-bbb5-4404-ae6d-a994bbdf1019/136fb2d1-e1b5-4782-9ac4-eff8d63a1aa3_1065584613.jpeg?h=225&w=225
Muller Corner Strawberry Peach & Apricot Yogurts 6 X 136G,€5.00,€4.75 Clubcard Price,€6.13/kg,https://www.tesco.ie/groceries/en-IE/products/311781503,https://digitalcontent.api.tesco.com/v2/media/ghs/bd153dba-9992-4126-bff9-e33059641357/af9fd7d8-1f2e-4479-9303-91b4a5c3723a.jpeg?h=225&w=225
Yoplait Smooth Mix Yel From 125Gx4,€2.99,Any 2 for €4 Clubcard Price - Selected Yoplait Products,€5.98/kg,https://www.tesco.ie/groceries/en-IE/products/297973107,https://digitalcontent.api.tesco.com/v2/media/ghs/2c590a5d-8836-46e3-be3a-8695ccf77c02/ab8039ad-61cb-4d52-96e6-6fe2dba992f6_732455363.jpeg?h=225&w=225
Muller Corner Toffee Hoops Yogurt 124G,€1.19,Any 4 for €3.75 Clubcard Price - Selected Muller Yogurt Or Desserts 124g-170g,€9.60/kg,https://www.tesco.ie/groceries/en-IE/products/311201828,https://digitalcontent.api.tesco.com/v2/media/ghs/af284037-6d1f-408d-b472-5ed994c4a964/128b715f-3666-4735-984e-2e123d9bba44.jpeg?h=225&w=225
Irish Yogurts Whole Milk Natural Live 1Kg,€2.49,€2.00 Clubcard Price,€2.49/kg,https://www.tesco.ie/groceries/en-IE/products/309491797,https://digitalcontent.api.tesco.com/v2/media/ghs/2971f054-ae3e-4ddb-a648-3b1ec0978ae5/0582f899-3c55-4e50-81ed-e661b46866b8_123584100.jpeg?h=225&w=225
Tesco Finest* Grk/Style Yoghurt With Mdgscan Vanilla 500G,€2.50,,€5.00/kg,https://www.tesco.ie/groceries/en-IE/products/307753128,https://digitalcontent.api.tesco.com/v2/media/ghs/9d8b1ba2-b57a-468b-8a54-304707a3d78c/snapshotimagehandler_1498649096.jpeg?h=225&w=225
GetPro Caramel High Protein Pudding 180g,€2.19,€1.50 Clubcard Price,€12.17/kg,https://www.tesco.ie/groceries/en-IE/products/315075890,https://digitalcontent.api.tesco.com/v2/media/ghs/81c0e41d-76f2-4d6e-9121-8be3fff0cbd6/1d7a8b15-64c5-4b78-8575-57edb36f833f.jpeg?h=225&w=225
Tesco Champagne Rhubarb Yoghurt 150G,€0.75,,€5.00/kg,https://www.tesco.ie/groceries/en-IE/products/303824799,https://digitalcontent.api.tesco.com/v2/media/ghs/77fbd45c-f2cd-4967-93a5-5ca6afd42500/daa56b46-9e0f-4a96-b9e0-3f49e7dac212_953105666.jpeg?h=225&w=225
Muller Light Vanilla Dark Chocolate Yogurt 160G,€1.19,Any 4 for €3.75 Clubcard Price - Selected Muller Yogurt Or Desserts 124g-170g,€7.44/kg,https://www.tesco.ie/groceries/en-IE/products/303673373,https://digitalcontent.api.tesco.com/v2/media/ghs/85b603ef-fca9-40f8-9561-110642ed9436/c8774295-b603-4f2d-9c46-7d618ba06d6f.jpeg?h=225&w=225
Cadbury Dairy Milk Buttons Chocolate Dessert 75G,€1.48,Any 2 for €2.30 Clubcard Price - Selected Cadbury Products 75g,€19.73/kg,https://www.tesco.ie/groceries/en-IE/products/311781296,https://digitalcontent.api.tesco.com/v2/media/ghs/f90074b1-0744-4546-8afc-b083586ca968/70b24ed3-342a-4b49-9c72-0647072d45f9.jpeg?h=225&w=225
Tesco Greek Style Strawberry Yoghurt 450G,€1.29,,€2.87/kg,https://www.tesco.ie/groceries/en-IE/products/309471078,https://digitalcontent.api.tesco.com/v2/media/ghs/749440d9-c75e-476a-8239-4d6adcdc7d18/5d31627a-d872-466e-a39c-dc871ff92790_278597972.jpeg?h=225&w=225
Irish Yoghurt Greek Style Natural Yogurts 500G,€1.99,,€3.98/kg,https://www.tesco.ie/groceries/en-IE/products/297794843,https://digitalcontent.api.tesco.com/v2/media/ghs/f07b972c-94f8-43b6-9103-188c246d31be/7d2cb0c6-a206-44f3-b1eb-98e4d9bd0114_1913362056.jpeg?h=225&w=225
Tesco Low Fat Natural 500G,€1.19,,€2.38/kg,https://www.tesco.ie/groceries/en-IE/products/286095443,https://digitalcontent.api.tesco.com/v2/media/ghs/5b468733-c64b-4c5d-a2e1-117aa9588867/snapshotimagehandler_1167218605.jpeg?h=225&w=225
Muller Light Tffee Fat Free Yogurts 6X140g,€4.89,€3.00 Clubcard Price,€5.82/kg,https://www.tesco.ie/groceries/en-IE/products/311957694,https://digitalcontent.api.tesco.com/v2/media/ghs/5ac820cc-81d7-4b92-a6f2-887890ae4565/2be26027-b0b7-4513-89b1-5b155841205a.jpeg?h=225&w=225
Muller Light 0% Fat Vanilla Orange & Caramel Yogurt 6X140g,€4.89,€3.00 Clubcard Price,€5.82/kg,https://www.tesco.ie/groceries/en-IE/products/311449178,https://digitalcontent.api.tesco.com/v2/media/ghs/91f32b70-bf1c-4726-bb5e-ea8f6a39ef72/441cd60b-e7ef-430e-b595-2958985d2991.jpeg?h=225&w=225
Irish Yogurts 0% Fat Natural Kefir 1Kg,€2.99,€2.50 Clubcard Price,€2.99/kg,https://www.tesco.ie/groceries/en-IE/products/309488583,https://digitalcontent.api.tesco.com/v2/media/ghs/bb42aca7-8815-4443-8ed5-0912ea005b0b/65aa95f4-dfac-4ef0-b49d-8ed48dd038b1_904243728.jpeg?h=225&w=225
Tesco Peach Yoghurt Fat Free 500G,€1.19,,€2.38/kg,https://www.tesco.ie/groceries/en-IE/products/275794796,https://digitalcontent.api.tesco.com/v2/media/ghs/0d14720f-f8a6-41ba-873e-ece27408b1f3/snapshotimagehandler_156040225.jpeg?h=225&w=225
Tesco Finest* Senga Strawberry Heritage Raspberry 150G,€1.15,,€7.67/kg,https://www.tesco.ie/groceries/en-IE/products/303929256,https://digitalcontent.api.tesco.com/v2/media/ghs/cc140d1d-94c0-442c-bc5d-797cb409f683/snapshotimagehandler_41207947.jpeg?h=225&w=225
Tesco 4 Mixed Seeds Yogurts 500G,€1.89,,€3.78/kg,https://www.tesco.ie/groceries/en-IE/products/309469427,https://digitalcontent.api.tesco.com/v2/media/ghs/b1c706c0-50be-41e8-b744-2b613f9703d3/317f6e9d-7586-462c-81ab-cf9c335f0c1a_1057869928.jpeg?h=225&w=225
Glenisk Organic Kids Banana Yoghurt 4X90g,€2.49,Any 3 for €5 Clubcard Price - Selected Cheese Or Fresh Soup Or Meat Or Yogurt & Desserts,€6.92/kg,https://www.tesco.ie/groceries/en-IE/products/311428779,https://digitalcontent.api.tesco.com/v2/media/ghs/f68387bf-7eb1-4b03-ba08-fb5686829b7c/46746c6d-2c38-4cb9-b261-8bb2a55d9c4b_1615477454.jpeg?h=225&w=225
Glenilen Farm Summerberries& Natural Yoghurt 4X125g,€2.99,€2.50 Clubcard Price,€5.98/kg,https://www.tesco.ie/groceries/en-IE/products/290090477,https://digitalcontent.api.tesco.com/v2/media/ghs/d2b3cc24-4a95-41e1-b98b-23befc57293f/ebba6c12-192c-4ab6-b904-2c950f3d3204_477428492.jpeg?h=225&w=225
Munch Bunch Squashums Strawberry 5 x 60g,€2.69,€2.00 Clubcard Price,€8.97/kg,https://www.tesco.ie/groceries/en-IE/products/315299803,https://digitalcontent.api.tesco.com/v2/media/ghs/b1d042b8-ea23-49b4-bbb7-4c71990369a9/4d345582-becc-4627-9adf-f36cf7d90a2b.jpeg?h=225&w=225
Light & Free Strawberry Greek Style Fat Free Yoghurt 4x115g,€3.29,€2.50 Clubcard Price,€7.15/kg,https://www.tesco.ie/groceries/en-IE/products/292612152,https://digitalcontent.api.tesco.com/v2/media/ghs/56ddaa58-a828-41b5-abad-119460064774/21bbe823-e360-4a70-ae8a-7787534cb506.jpeg?h=225&w=225
Graham's Protein 25G Strawberry Quark 200G,€1.89,€1.50 Clubcard Price,€9.45/kg,https://www.tesco.ie/groceries/en-IE/products/309462170,https://digitalcontent.api.tesco.com/v2/media/ghs/eb36c206-6def-47f1-bdc8-4f853628b9d7/c6b9cca8-df1c-4b25-b2e2-46fe83281ce6.jpeg?h=225&w=225
Muller Light Red Fruit Assorted Fat Free Yogurt 6X140g,€4.89,€3.00 Clubcard Price,€5.82/kg,https://www.tesco.ie/groceries/en-IE/products/311935766,https://digitalcontent.api.tesco.com/v2/media/ghs/2b4d2417-8a45-499a-8729-945421fb7b05/dd1c9800-0b7f-4c44-aae4-a3ce7ad01f9b.jpeg?h=225&w=225
Glenilen Raspberry Yoghurt Pot 500G,€2.79,,€5.58/kg,https://www.tesco.ie/groceries/en-IE/products/267338802,https://digitalcontent.api.tesco.com/v2/media/ghs/a2826cc3-27ce-45ea-8af9-fb3598b9bf2a/7b85de7e-220d-4583-bad7-edc5a944ce8c_1484706226.jpeg?h=225&w=225
Killowen Farm Strawberry Live Yoghurt 135G,Currently out of stock,,,https://www.tesco.ie/groceries/en-IE/products/261887316,https://digitalcontent.api.tesco.com/v2/media/ghs/c133efb7-0b66-4568-9467-c154ccba14cb/87fdffaf-9b1a-4016-aa2e-a3b7db75b5ad_446433137.jpeg?h=225&w=225
Nomadic Yoghurt And Oat Clusters Strawberry 3X169g,€4.75,,€9.37/kg,https://www.tesco.ie/groceries/en-IE/products/311801965,https://digitalcontent.api.tesco.com/v2/media/ghs/9d6a1311-b463-4d6a-802a-5924df3b7c5f/99f780ba-e710-4a2c-9604-dede9091b2e8_1010206976.jpeg?h=225&w=225
Creamfields Fat Free Greek Style Natural Yogurt 500G,€0.90,,€1.80/kg,https://www.tesco.ie/groceries/en-IE/products/307133459,https://digitalcontent.api.tesco.com/v2/media/ghs/4ebbb20a-e101-4df1-ae2f-aa83444e2a13/2b28d09c-742c-42fc-990d-1b68631e5415.jpeg?h=225&w=225
Tesco Protein Vanilla Yogurt 200g,€1.29,,€6.45/kg,https://www.tesco.ie/groceries/en-IE/products/315256371,https://digitalcontent.api.tesco.com/v2/media/ghs/768aa5a0-9024-462a-a47c-ae5e35dceea9/ca3fe81a-799a-4645-9692-5018b199de3e_1314336246.jpeg?h=225&w=225
Light & Free Raspberry Greek Style Fat Free Yoghurt 4x115g,€3.29,€2.50 Clubcard Price,€7.15/kg,https://www.tesco.ie/groceries/en-IE/products/292612503,https://digitalcontent.api.tesco.com/v2/media/ghs/79463169-8bfa-4805-a1eb-d02a62503f91/fd6d1667-2a65-43e8-bd80-6b478b836084_1501136179.jpeg?h=225&w=225
Glenisk Organic High Prtn Fat Free Natural Yoghurt 500G,€2.99,,€5.98/kg,https://www.tesco.ie/groceries/en-IE/products/313617155,https://digitalcontent.api.tesco.com/v2/media/ghs/881d6123-f0e1-4abc-bc6a-8eccfc897903/d42a71bb-04c2-4bb5-b56d-2ea84068cf4b_129644270.jpeg?h=225&w=225
Irish Yoghurt Clonakilty Yoghurt Strawberry 450G,€1.99,€1.50 Clubcard Price,€4.42/kg,https://www.tesco.ie/groceries/en-IE/products/306191955,https://digitalcontent.api.tesco.com/v2/media/ghs/dac0bc6e-a9b2-4a11-9968-3345e97a512f/0677f424-949b-4886-9877-18dd40a98161_535020415.jpeg?h=225&w=225
Tesco Protein Strawberry Yogurt 200g,€1.29,,€6.45/kg,https://www.tesco.ie/groceries/en-IE/products/315239547,https://digitalcontent.api.tesco.com/v2/media/ghs/4f503161-4a04-4e98-9fcc-8a74b858ad56/2d62aeec-5b73-4a47-8e09-2b2ae80f778d_1504526747.jpeg?h=225&w=225
Irish Yogurts 0%Fat Kefir And Strawberry 350G,€1.99,,€5.69/kg,https://www.tesco.ie/groceries/en-IE/products/309489173,https://digitalcontent.api.tesco.com/v2/media/ghs/4428fe1e-1175-45c7-bdf7-85a8411638a6/d1fe4e1f-edd9-4df3-bd65-a60c54167003_963224481.jpeg?h=225&w=225
Lindahls Kvarg White Chocolate Flavour Quark 500G,€2.99,Any 2 for €5.50 Clubcard Price - Selected Lindahls Kvarg Active Health Yoghurts 500g,€5.98/kg,https://www.tesco.ie/groceries/en-IE/products/312347798,https://digitalcontent.api.tesco.com/v2/media/ghs/d00a658d-0856-4dc4-861b-8950b0c2fa6d/b1d4cafa-88e9-4cd3-89a7-b2bef77bd3e3_15002306.jpeg?h=225&w=225
Graham's The Family Dairy Protein 25G Strawberry Pack 200G,€1.99,,€9.95/kg,https://www.tesco.ie/groceries/en-IE/products/312695673,https://digitalcontent.api.tesco.com/v2/media/ghs/091187a2-2539-4718-a605-4a60d65a3a3e/ac56245f-2d15-48d2-94b6-c84c6a47a914.jpeg?h=225&w=225
Onken Natural Set Yogurt 450G,€2.35,,€5.22/kg,https://www.tesco.ie/groceries/en-IE/products/313949954,https://digitalcontent.api.tesco.com/v2/media/ghs/a96d2f64-231c-4c9f-87d3-a5f12997f578/b885893c-a6a1-46de-b638-18c6143b033c.jpeg?h=225&w=225
Glenisk Bio Organic Live Yoghurt Peach 4X125g,€2.99,,€5.98/kg,https://www.tesco.ie/groceries/en-IE/products/312343217,https://digitalcontent.api.tesco.com/v2/media/ghs/7c1ef72d-6bdc-47ed-b3be-14443dd9b40f/0a3b0656-f301-4212-a4c5-e445d85d412d_357602969.jpeg?h=225&w=225
Kinder Maxi King 3 Pack 105G,€1.99,,€18.95/kg,https://www.tesco.ie/groceries/en-IE/products/266515826,https://digitalcontent.api.tesco.com/v2/media/ghs/ee6ecdfe-2121-4b8b-88d8-9192e6ccd588/48202f55-9647-4a75-a4f8-2c4b49b48591_353463790.jpeg?h=225&w=225
Graham's Protein 25G Peach Quark 200G,€1.89,€1.50 Clubcard Price,€9.45/kg,https://www.tesco.ie/groceries/en-IE/products/309478848,https://digitalcontent.api.tesco.com/v2/media/ghs/17957b26-8e5f-4a7c-9d34-3b0f4f08c0dc/b43178ef-131a-4432-a701-833354d150b7.jpeg?h=225&w=225
Muller Light Toffee Yogurt 160G,€1.19,Any 4 for €3.75 Clubcard Price - Selected Muller Yogurt Or Desserts 124g-170g,€7.44/kg,https://www.tesco.ie/groceries/en-IE/products/303668149,https://digitalcontent.api.tesco.com/v2/media/ghs/a5a22f39-7a86-45cb-84ca-d3e9bcdb741b/4660a6c9-e33f-4e47-a536-e692bbb0d388.jpeg?h=225&w=225
Graham's The Family Dairy Protein 25G Peach Pouch 200G,€1.99,,€9.95/kg,https://www.tesco.ie/groceries/en-IE/products/312582933,https://digitalcontent.api.tesco.com/v2/media/ghs/a7519cbf-fcaa-40e9-98ba-252a5f23efec/00d76d6c-6c46-405e-87e0-936b43c25e0a.jpeg?h=225&w=225
Yoplait Skyr Red Fruit Fat Free Yoghurt 4 X 100G,€2.99,,€7.48/kg,https://www.tesco.ie/groceries/en-IE/products/311781313,https://digitalcontent.api.tesco.com/v2/media/ghs/5d75ee8b-63dc-4b3f-90d7-97371b645dd4/a49ef8b9-5d2f-4baf-8cbe-9ca3c09e7376_1808515554.jpeg?h=225&w=225
Glenisk Organic Strawberry Low Fat Yoghurt 450G,€2.49,,€5.53/kg,https://www.tesco.ie/groceries/en-IE/products/262374530,https://digitalcontent.api.tesco.com/v2/media/ghs/86770601-c334-4259-a1e1-150773cc3a7b/461db55d-9350-44b2-9d98-97313d69984c_1987867569.jpeg?h=225&w=225
Glenilen Farm Greek Style 0%Fat Passion Fruit Mango Yogurt 4X125g,€1.99,,€3.98/kg,https://www.tesco.ie/groceries/en-IE/products/306952659,https://digitalcontent.api.tesco.com/v2/media/ghs/ca9d304c-2c5f-4c4f-8d59-2d43c3dba031/a457d4ab-16ab-4d7a-aa12-b2d53e5d0bfd.jpeg?h=225&w=225
Danone GetPro Protein Vanilla Yogurt 160G,€1.59,€1.00 Clubcard Price,€9.94/kg,https://www.tesco.ie/groceries/en-IE/products/315362319,https://digitalcontent.api.tesco.com/v2/media/ghs/fe6d1f9f-1bea-4b57-a913-0b0a39fdd365/f50a67ec-6225-4ddf-987d-489d1ef87edf_249144016.jpeg?h=225&w=225
GetPro Chocolate & Caramel High Protein Mousse 200g,€2.99,€2.00 Clubcard Price,€14.95/kg,https://www.tesco.ie/groceries/en-IE/products/315147926,https://digitalcontent.api.tesco.com/v2/media/ghs/724331f1-499b-439f-bf7a-75cfed66d7ac/e4e51486-e35a-438e-b774-1d9eb3bc7efa.jpeg?h=225&w=225
Lindahls Kvarg Raspberry Flavour Quark 500G,€2.99,Any 2 for €5.50 Clubcard Price - Selected Lindahls Kvarg Active Health Yoghurts 500g,€5.98/kg,https://www.tesco.ie/groceries/en-IE/products/312581583,https://digitalcontent.api.tesco.com/v2/media/ghs/7b7b9785-5510-46ce-9a7a-fdfbb774ccc6/74c8fab8-4365-4b37-bc35-45d8f6aafe1a_893137741.jpeg?h=225&w=225
Glenilen Farm Mango And Passio Yoghurts 4X 125G,€2.99,€2.50 Clubcard Price,€5.98/kg,https://www.tesco.ie/groceries/en-IE/products/282764107,https://digitalcontent.api.tesco.com/v2/media/ghs/0f2bf94a-ef67-4ef3-860c-5b75b1f4205d/24f44a8a-2fad-42d2-8889-9f52f76d0767_2032491051.jpeg?h=225&w=225
Light & Free Peach Greek Style Fat Free Yoghurt 4x115g,€3.29,€2.50 Clubcard Price,€7.15/kg,https://www.tesco.ie/groceries/en-IE/products/292612941,https://digitalcontent.api.tesco.com/v2/media/ghs/26ff05ff-4f7d-48b5-8596-09e4f9d0e2b4/f7145e9d-79d5-4524-9a81-edc764f48a19.jpeg?h=225&w=225
Smarties Split Pot Vanilla Flavour Yogurt 4X107g,€3.49,€3.00 Clubcard Price,€8.15/kg,https://www.tesco.ie/groceries/en-IE/products/312104222,https://digitalcontent.api.tesco.com/v2/media/ghs/046cc23e-e5c5-40b2-903b-993c3d10d800/1638e241-6d6c-4a77-af10-5982b77916a6.jpeg?h=225&w=225
Tesco Protein Mango & Passion Fruit Yogurt 200g,€1.29,,€6.45/kg,https://www.tesco.ie/groceries/en-IE/products/315236677,https://digitalcontent.api.tesco.com/v2/media/ghs/08447504-5b43-44b8-bbc6-2884f1982ffd/5dada6a7-091e-46b3-a44d-42a4149f6095_589382347.jpeg?h=225&w=225
Kinder Choco Fresh 5 Pack 102.5G,€2.99,€2.50 Clubcard Price,€29.17/kg,https://www.tesco.ie/groceries/en-IE/products/306820356,https://digitalcontent.api.tesco.com/v2/media/ghs/fc43e182-7361-444f-b582-e11498ce5176/5b8a767c-f410-419e-aeb0-25717748ee28_242777137.jpeg?h=225&w=225
GetPro Chocolate & Hazelnut High Protein Pudding 180g,€2.19,€1.50 Clubcard Price,€12.17/kg,https://www.tesco.ie/groceries/en-IE/products/315077323,https://digitalcontent.api.tesco.com/v2/media/ghs/f928c07c-0152-4f0c-8014-24dd39427b33/1cc593af-7641-4a18-a433-96aef0a7d7a2.jpeg?h=225&w=225
Irish Yogurts 0% Fat Natural Kefir 350G,€1.79,,€5.11/kg,https://www.tesco.ie/groceries/en-IE/products/309461862,https://digitalcontent.api.tesco.com/v2/media/ghs/a8444a85-def7-430e-87f3-1b10946f98aa/6b436820-5db2-4898-9ac7-8d5232a1504a_1687437157.jpeg?h=225&w=225
Muller Bliss Lemon Greek Style Yogurt 4X105g,€3.29,,€7.83/kg,https://www.tesco.ie/groceries/en-IE/products/311677760,https://digitalcontent.api.tesco.com/v2/media/ghs/bfc5a8be-d32a-49d6-b082-c8687ed8dc32/d0209d03-4560-43ed-88ee-d4fb29362753.jpeg?h=225&w=225
Tesco Finest* Grk/Style Yoghurt With Senga Strawberries 500G,€2.50,,€5.00/kg,https://www.tesco.ie/groceries/en-IE/products/307761562,https://digitalcontent.api.tesco.com/v2/media/ghs/4488e807-9f0e-4cd3-9535-99f76ca4f1f6/snapshotimagehandler_2057351396.jpeg?h=225&w=225
Glenilen Farm 0% Fat Raspberry Kefir 4 X 125G,€2.99,€2.50 Clubcard Price,€5.98/kg,https://www.tesco.ie/groceries/en-IE/products/311270814,https://digitalcontent.api.tesco.com/v2/media/ghs/426ae6b1-9b69-4cd8-9617-3ccb04d8b0c3/f30ec324-27fd-45e2-a7d3-1c45d040db0d_1786140335.jpeg?h=225&w=225
Glenisk Fat Free Protein Yoghurt Blackberry 4 Pack 400G,€2.99,,€7.48/kg,https://www.tesco.ie/groceries/en-IE/products/288138172,https://digitalcontent.api.tesco.com/v2/media/ghs/021ca7a1-9719-4383-ab2f-63a0a35ab51b/e2799bdf-5f9e-4d8c-9240-5e109b41a662_1900777913.jpeg?h=225&w=225
Mul/Rce Apple & Raspberry Low Fat Dessert 6X170g,€5.23,,€5.13/kg,https://www.tesco.ie/groceries/en-IE/products/311941009,https://digitalcontent.api.tesco.com/v2/media/ghs/90bb586e-2366-4464-af41-1d232321e1eb/b93d379c-986a-4b1c-a8e0-f589928d4a7e.jpeg?h=225&w=225
Muller Corner Bliss Cheesecake Salted Caramel 4X100g,€3.25,,€8.12/kg,https://www.tesco.ie/groceries/en-IE/products/300543814,https://digitalcontent.api.tesco.com/v2/media/ghs/629c4243-f913-4703-9385-13653ec6c1be/5792ed17-a60b-41ae-856e-7d4f79c7e535.jpeg?h=225&w=225
Danone GetPro Protein Blueberry Yogurt 160G,€1.59,€1.00 Clubcard Price,€9.94/kg,https://www.tesco.ie/groceries/en-IE/products/315342735,https://digitalcontent.api.tesco.com/v2/media/ghs/69a7919d-15df-4966-ba6f-4305519011d8/6edbdfbf-34c2-4864-9280-4297365c01d8_501377564.jpeg?h=225&w=225
Yoplait Zero Zero Peach 125G,€2.99,€2.00 Clubcard Price,€23.92/kg,https://www.tesco.ie/groceries/en-IE/products/305712669,https://digitalcontent.api.tesco.com/v2/media/ghs/0eb96bfa-7a1d-4660-87c8-ed54b6aa4dd1/5df82e81-b970-4ea6-b558-5fdb833ebaee_1063510656.jpeg?h=225&w=225
Nomadic Oats Chocolate & Natural Yogurt 169G,€1.89,Meal Deal for €4.49 - Buy Any 1 Pasta Or Wrap Or Sandwich Or Salad Or Sushi & 1 Crisp Or Fruit & 1 Drink,€11.18/kg,https://www.tesco.ie/groceries/en-IE/products/273556609,https://digitalcontent.api.tesco.com/v2/media/ghs/34aaa79a-0465-4bb4-90b6-01770133a8ae/87035c4e-15f9-47bb-9bbc-a14bae7144de.jpeg?h=225&w=225
Irish Yogurts Low Fat Grk/Style Natural 1Kg,€2.49,€2.00 Clubcard Price,€2.49/kg,https://www.tesco.ie/groceries/en-IE/products/309196980,https://digitalcontent.api.tesco.com/v2/media/ghs/bc2c578c-97b4-40da-8bba-e7e1c5bf9991/67a135ce-047d-46e1-bcef-6f60b4c011bf_1984785429.jpeg?h=225&w=225
Irish Yogurts Clonakilty Mango Passion Fruit 450G,€1.99,€1.50 Clubcard Price,€4.42/kg,https://www.tesco.ie/groceries/en-IE/products/306191978,https://digitalcontent.api.tesco.com/v2/media/ghs/d24cabb5-d3da-4b5d-ac90-65dba3df2a55/d026c67f-d70c-4f03-bd85-31c7070f7eb2_1520504038.jpeg?h=225&w=225
Tesco Protein Blueberry Yogurt 200g,€1.29,,€6.45/kg,https://www.tesco.ie/groceries/en-IE/products/315154785,https://digitalcontent.api.tesco.com/v2/media/ghs/2c39fd12-4a93-4a42-9475-35bf54d53bba/c2b37671-ac21-45b3-bf72-c0ca2fa6e2d9_186188040.jpeg?h=225&w=225
Muller Corner Skyr Raspberry And Hazlenut Granola Yoghurt 170G,€1.69,Any 2 for €3 Clubcard Price - Selected Muller Corner Products 170g,€9.94/kg,https://www.tesco.ie/groceries/en-IE/products/311430856,https://digitalcontent.api.tesco.com/v2/media/ghs/a4b79df3-d3bc-4f8b-8211-241df52ef903/571e5080-7004-42f9-bc3c-7b9227ae923c_564626952.jpeg?h=225&w=225
Mul/Rce Strawberry & Original Low Fat Dessert 6X170g,€5.00,,€4.90/kg,https://www.tesco.ie/groceries/en-IE/products/311683850,https://digitalcontent.api.tesco.com/v2/media/ghs/c449e1aa-cfe7-4c2c-b39f-9945b822c0a4/ff54d9b3-ec12-4ef7-ae7a-22a80e222ffd.jpeg?h=225&w=225
Killowen Farm Lemon Curd Creamy Handmade Yoghurt 140G,€1.49,,€10.64/kg,https://www.tesco.ie/groceries/en-IE/products/300844101,https://digitalcontent.api.tesco.com/v2/media/ghs/43fd4c29-a1e4-4c7d-8a58-9108039cbe0a/2dce1342-f800-49d2-b583-35e1ccc64c54_1844429982.jpeg?h=225&w=225
Muller Light Banana Custard Yogurt 160G,€1.19,Any 4 for €3.75 Clubcard Price - Selected Muller Yogurt Or Desserts 124g-170g,€7.44/kg,https://www.tesco.ie/groceries/en-IE/products/303668126,https://digitalcontent.api.tesco.com/v2/media/ghs/e9354dab-aec2-4c57-9b1a-2721208167b5/9f11f679-e15b-4678-a9e9-5753877bec53.jpeg?h=225&w=225
Glenik Organic Baby Fromage Frais Apricot Banana And Mango 4X60g,€2.49,,€10.38/kg,https://www.tesco.ie/groceries/en-IE/products/312100883,https://digitalcontent.api.tesco.com/v2/media/ghs/f3fc4fdf-5b72-4327-af57-ad7b39bcc2f4/f9541738-8506-4791-babf-bde2356f657a_163728440.jpeg?h=225&w=225
Yoplait Original Blueberry Yoghurt 4 X 125G,€2.99,Any 2 for €4 Clubcard Price - Selected Yoplait Products,€5.98/kg,https://www.tesco.ie/groceries/en-IE/products/308497314,https://digitalcontent.api.tesco.com/v2/media/ghs/bb153ea3-66f0-47c5-85d5-be90e11cc837/68b3c2cc-2c40-4ecb-b4da-4eb03f7ac6ee_590326779.jpeg?h=225&w=225
Glenisk Strawberry 0% Greek 4 Pack,€2.99,,€7.48/kg,https://www.tesco.ie/groceries/en-IE/products/288137910,https://digitalcontent.api.tesco.com/v2/media/ghs/544dbe93-807b-495b-9d24-f63bb2b54b09/e6da57a8-89f4-44e7-8129-3d7b854c53bb.jpeg?h=225&w=225
Graham's Protein 25G Raspberry Quark 200G,€1.89,€1.50 Clubcard Price,€9.45/kg,https://www.tesco.ie/groceries/en-IE/products/309486549,https://digitalcontent.api.tesco.com/v2/media/ghs/9324faef-295a-422c-a1ee-d04e12ace1af/07371a1c-d479-4f33-821f-0a1c5383d139.jpeg?h=225&w=225
Killowen Farm Raspberry Live Yoghurt 135G,€0.89,Any 3 for €2 Clubcard Price - Selected Killowen Farm Yogurt 135g,€6.59/kg,https://www.tesco.ie/groceries/en-IE/products/261888125,https://digitalcontent.api.tesco.com/v2/media/ghs/3f149c9d-65de-4927-bfc1-e4ecb62493c9/5e17b119-0e11-485b-b00e-2af0aef8b89c_998966422.jpeg?h=225&w=225
Nomadic Strawberry Oat Clusters Low Fat Yogurt 169G,€1.89,Meal Deal for €4.49 - Buy Any 1 Pasta Or Wrap Or Sandwich Or Salad Or Sushi & 1 Crisp Or Fruit & 1 Drink,€11.18/kg,https://www.tesco.ie/groceries/en-IE/products/273556431,https://digitalcontent.api.tesco.com/v2/media/ghs/6d2a3534-6e2b-4a7c-b44b-8f51052f9cd5/76183013-1594-4bb2-83ad-3405010df685.jpeg?h=225&w=225
Muller Light Fat Free Mango Psn/Fruit Peach Yogurt 6X140g,€4.89,€3.00 Clubcard Price,€5.82/kg,https://www.tesco.ie/groceries/en-IE/products/311229018,https://digitalcontent.api.tesco.com/v2/media/ghs/50e63bcf-260a-4dd7-8aa2-c570b2f09825/60808911-7efd-43f2-b838-479d35db33eb.jpeg?h=225&w=225
Glenilen Farm Greek Style 0% Fat Yogurt With Blueberries 4X125g,€1.99,,€3.98/kg,https://www.tesco.ie/groceries/en-IE/products/306935612,https://digitalcontent.api.tesco.com/v2/media/ghs/a22ed960-d9bf-43b9-be51-cd00f3efab70/383b274e-2902-4f5c-953d-07cbc63541a9.jpeg?h=225&w=225
Glenisk Organic Greek Style Dark Cherry 450G,€2.99,,€6.64/kg,https://www.tesco.ie/groceries/en-IE/products/305713750,https://digitalcontent.api.tesco.com/v2/media/ghs/d6a8a282-6d01-47f1-a361-46043139e977/snapshotimagehandler_1137982500.jpeg?h=225&w=225
Glenisk Fat Free Protein Yoghurt Natural 4 Pack 400G,€2.99,,€7.48/kg,https://www.tesco.ie/groceries/en-IE/products/288137979,https://digitalcontent.api.tesco.com/v2/media/ghs/0df06b48-f1e9-4b27-912f-6e1910c8d58d/52fc0ad0-8f5e-4bde-b7c0-1f84ae13e871_1661296151.jpeg?h=225&w=225
Muller Light Strawberry Yogurt 160G,€1.19,Any 4 for €3.75 Clubcard Price - Selected Muller Yogurt Or Desserts 124g-170g,€7.44/kg,https://www.tesco.ie/groceries/en-IE/products/303668495,https://digitalcontent.api.tesco.com/v2/media/ghs/e47fa98a-4eb7-49ff-b08a-3c09802f5a3c/2bb34ec7-ebcb-49c6-9bcb-819a9d7f0543.jpeg?h=225&w=225
Glenilen Farm 0% Fat Natural Kefir Yoghurt 350G,€1.99,,€5.69/kg,https://www.tesco.ie/groceries/en-IE/products/309165889,https://digitalcontent.api.tesco.com/v2/media/ghs/ef213192-3d18-45f7-9dab-abef9204126a/87c14087-50de-4dd1-815f-07a766f0bd57_313108490.jpeg?h=225&w=225
Killowen F Yoghurt Wexford Rhubarb Creamy Handmade 140G,€1.49,,€10.64/kg,https://www.tesco.ie/groceries/en-IE/products/300063529,https://digitalcontent.api.tesco.com/v2/media/ghs/deb6aa41-54bf-4c4c-8bc6-dfddb1b73445/be0b2adc-2ec4-46ab-bc9f-4259fea3a511_2125073375.jpeg?h=225&w=225
Glnilen Farm 0%Fat Kefir Yogurt Passion Fruit 350G,€1.99,,€5.69/kg,https://www.tesco.ie/groceries/en-IE/products/308104389,https://digitalcontent.api.tesco.com/v2/media/ghs/67adc7a9-b56c-4228-81a4-ad2c45ba67f4/c086611e-6684-4f1c-84e6-1f47c51246fd.jpeg?h=225&w=225
Yoplait Skyr Blueberry Fat Free Yoghurt 4X100g,€2.99,,€7.48/kg,https://www.tesco.ie/groceries/en-IE/products/312585095,https://digitalcontent.api.tesco.com/v2/media/ghs/df528bb6-b261-464b-a8df-1fcc8055e0b6/c435f25b-94bb-41b8-8450-06d97e510297_1618225024.jpeg?h=225&w=225
Glenisk Organic Grk/Style Salted Caramel 450G,€2.99,,€6.64/kg,https://www.tesco.ie/groceries/en-IE/products/302554441,https://digitalcontent.api.tesco.com/v2/media/ghs/66e5a793-df9d-4a19-804c-30b638b10d62/snapshotimagehandler_2086362708.jpeg?h=225&w=225
PETITS FILOUS BIG POTS STRAWBERRY/APRICOT/RASPBERRY 6X85G,€2.99,,€5.86/kg,https://www.tesco.ie/groceries/en-IE/products/315456981,https://digitalcontent.api.tesco.com/v2/media/ghs/6f45f85f-065f-4e22-b515-7a04390c379b/1637459d-bfb8-4c55-b257-306417ed5e49_95476952.jpeg?h=225&w=225
Tesco Finest Lemon Curd Yogurt 450g,€2.50,,€5.56/kg,https://www.tesco.ie/groceries/en-IE/products/314928309,https://digitalcontent.api.tesco.com/v2/media/ghs/110ccbd4-af0f-4bb9-8d0e-733a0c098734/401df419-39c3-49a2-9a44-2f7b7b6f5e64_1495671178.jpeg?h=225&w=225
Killowen Farmyog Wexford Blackcurrant Creamy Handmade 140G,€1.49,,€10.64/kg,https://www.tesco.ie/groceries/en-IE/products/300864555,https://digitalcontent.api.tesco.com/v2/media/ghs/ff154edd-b43b-4cf8-bec6-6303ddcd7b11/753c31b5-1f8c-4def-a1d1-5731590e7cb9_983970984.jpeg?h=225&w=225
Yoplait Double 00% Strawberry 4X125g,€2.99,€2.00 Clubcard Price,€5.98/kg,https://www.tesco.ie/groceries/en-IE/products/297973286,https://digitalcontent.api.tesco.com/v2/media/ghs/ff25965a-2438-41e4-80a7-85cf0b9fa756/ad6f210b-65c9-45cb-a1c6-83fefa8ca719_766321829.jpeg?h=225&w=225
Glenisk Organic Fat Free Natural Yoghurt 500G,€2.49,,€4.98/kg,https://www.tesco.ie/groceries/en-IE/products/272477284,https://digitalcontent.api.tesco.com/v2/media/ghs/b289c873-9388-4895-9e7e-b9184a69f047/df43468b-f7e1-400b-bb94-e1bb69c1d0bc_687671373.jpeg?h=225&w=225
Tesco Finest Winter Berry Yogurt 150g,€1.15,,€7.67/kg,https://www.tesco.ie/groceries/en-IE/products/314937460,https://digitalcontent.api.tesco.com/v2/media/ghs/217bd421-983a-4be7-aa35-f91618b98ba1/5eaa512c-cf6a-486e-aa9c-78ee3f620b38_1167172918.jpeg?h=225&w=225
Glenilen Farm Kefir Protein Strawberry Yoghurt Pouch 160g,€1.59,Any 2 for €2.50 Clubcard Price - Selected Glenilen Farm Yoghurt 160g,€9.94/kg,https://www.tesco.ie/groceries/en-IE/products/314310887,https://digitalcontent.api.tesco.com/v2/media/ghs/f9b19f3c-17c3-4e2b-b99a-e354ed2178b3/ebd39ac3-2d14-4f14-92d7-533a9fb1be6e.jpeg?h=225&w=225
Tesco Finest Mango and Passion Fruit Yogurt 150g,€1.15,,€7.67/kg,https://www.tesco.ie/groceries/en-IE/products/314840245,https://digitalcontent.api.tesco.com/v2/media/ghs/b0931598-9115-4faf-9afb-f863c1ac1925/bff4d778-12e1-47fc-b503-61988ea4af96_741395587.jpeg?h=225&w=225
Muller Bliss Strawberry Greek Style Yogurt 4X105g,€3.29,,€7.83/kg,https://www.tesco.ie/groceries/en-IE/products/311444333,https://digitalcontent.api.tesco.com/v2/media/ghs/3e0f7b59-af02-4b2e-8c4c-534ad7daa1a3/d85f83fe-f500-46be-854a-f635da10b7ba_1628673633.jpeg?h=225&w=225
Glenilen Farm Kefir Protein Mango Yoghurt Pouch 160g,€1.59,Any 2 for €2.50 Clubcard Price - Selected Glenilen Farm Yoghurt 160g,€9.94/kg,https://www.tesco.ie/groceries/en-IE/products/314586010,https://digitalcontent.api.tesco.com/v2/media/ghs/eaddc793-6c34-4fcd-b100-3f8af97ecf69/811498d3-6255-445d-9f61-f7dd7e14ae2e.jpeg?h=225&w=225
Irish Yogurts Strawberry Low Fat Grk/Style 4X125g,€2.99,,€5.98/kg,https://www.tesco.ie/groceries/en-IE/products/306651193,https://digitalcontent.api.tesco.com/v2/media/ghs/5959bafa-f989-4eca-a681-e147ff14e430/f11973c9-e0be-407c-8e50-244ff0c3d852_1099287387.jpeg?h=225&w=225
Fit Foods Vanilla Yoghurt With Chocolate Granola 175G,€2.00,,€11.43/kg,https://www.tesco.ie/groceries/en-IE/products/314428659,https://digitalcontent.api.tesco.com/v2/media/ghs/14f8d4fc-afdd-4b74-9bcb-a912d98eb236/1edf35e4-ab66-4dca-a805-d8b15264247a_312957493.jpeg?h=225&w=225
Irish Yogurts Clonakilty High Protein Vanilla Live Yogurt 350g,€2.29,€1.50 Clubcard Price,€6.54/kg,https://www.tesco.ie/groceries/en-IE/products/315473067,https://digitalcontent.api.tesco.com/v2/media/ghs/b11b1d77-af45-4d36-8886-9e63b69c59c9/77c36347-86bb-4281-b53c-6eb9e85b3994_1834699604.jpeg?h=225&w=225
Fit Foods Strawberry Yoghurt With Granola 175G,€2.00,,€11.43/kg,https://www.tesco.ie/groceries/en-IE/products/314827204,https://digitalcontent.api.tesco.com/v2/media/ghs/a470ed21-75bb-4e35-a3ce-159fe987fd36/0286fd6b-3682-469e-83ec-df6569541aa7_189938875.jpeg?h=225&w=225
Irish Yogurts Clonakilty High Protein Strawberry Live Yogurt 350g,€2.29,€1.50 Clubcard Price,€6.54/kg,https://www.tesco.ie/groceries/en-IE/products/315449707,https://digitalcontent.api.tesco.com/v2/media/ghs/b565e311-0142-47d3-b62d-03750c5d949c/0e4df825-4bc4-450a-90cb-fad004342a01_1385301297.jpeg?h=225&w=225
Glenisk 20g Protein Organic Granola Coconut Yogurt Chocolate & Coconut 180g,€2.99,Meal Deal for €4.49 - Buy Any 1 Pasta Or Wrap Or Sandwich Or Salad Or Sushi & 1 Crisp Or Fruit & 1 Drink,€16.61/kg,https://www.tesco.ie/groceries/en-IE/products/314587026,https://digitalcontent.api.tesco.com/v2/media/ghs/97d78c84-72b0-470f-bc59-94880a23f6db/3356722d-ccb1-4a98-ac4a-f3b359fac479_1283622158.jpeg?h=225&w=225
Tesco Finest Blackberry and Apple Yogurt 450g,€2.50,,€5.56/kg,https://www.tesco.ie/groceries/en-IE/products/314587781,https://digitalcontent.api.tesco.com/v2/media/ghs/e12809e6-6a6c-4ca0-8059-8bcaf4163c14/561d1db9-dc7f-4497-bec3-b2af030b982d_2014236597.jpeg?h=225&w=225
Tesco Finest Heritage Raspberry & Senga Strawberry Yogurt 450g,€2.50,,€5.56/kg,https://www.tesco.ie/groceries/en-IE/products/315149072,https://digitalcontent.api.tesco.com/v2/media/ghs/d3032a66-b636-4dd8-aebb-3376d848cb78/294debba-ab75-45f4-99c4-2f9fed1f78c2_1153580448.jpeg?h=225&w=225
Nomadic Protein +Vitd Vanilla Yoghurt Granola Chocolate 170G,€2.39,,€14.06/kg,https://www.tesco.ie/groceries/en-IE/products/315074804,https://digitalcontent.api.tesco.com/v2/media/ghs/48e13810-5642-425d-a143-828fd4b259b9/4ef93519-b4b9-492e-a4e8-a474a2cce2e7_1170557675.jpeg?h=225&w=225
Irish Yogurts Clonakilty 43g High Protein Natural Live Yogurt 350g,€2.29,€1.50 Clubcard Price,€6.54/kg,https://www.tesco.ie/groceries/en-IE/products/315447067,https://digitalcontent.api.tesco.com/v2/media/ghs/ac93d3e5-f24e-4827-b8e5-6707f03cf9ea/1f365756-3144-4d4e-b35b-254ed838ffaf_1518354411.jpeg?h=225&w=225
Glenisk Organic Bio Mango-Vanilla Yogurt 450g,€2.49,,€5.53/kg,https://www.tesco.ie/groceries/en-IE/products/314710287,https://digitalcontent.api.tesco.com/v2/media/ghs/5e49a9fd-b0ee-4dcb-8d35-9f6adbcdd060/b7f42990-aea5-44a9-a2b7-3b805e24a810_1302048441.jpeg?h=225&w=225
Glenisk Organic High Prtn Blueberry Yoghurt 150G,€1.49,,€9.93/kg,https://www.tesco.ie/groceries/en-IE/products/314598088,https://digitalcontent.api.tesco.com/v2/media/ghs/3eee6b56-23dd-4142-826d-dc2beef735bc/94272435-b73a-45d2-b16b-21d7d3bc3aa7_2003650607.jpeg?h=225&w=225
Velvet Cloud Sheep's Milk Yoghurt Natural 450G,€4.75,,€10.56/kg,https://www.tesco.ie/groceries/en-IE/products/303870076,https://digitalcontent.api.tesco.com/v2/media/ghs/3dbc3efd-976d-45ae-8f28-67939724b200/25209a4a-7537-4249-9436-3edb4e05a1b1_855385855.jpeg?h=225&w=225
