Title,Price,Promotional Price,Price Per,Product URL,Image URL
Tesco Grated Mix Mozzarella And Cheddar 250G,€2.09,,€8.36/kg,https://www.tesco.ie/groceries/en-IE/products/277074332,https://digitalcontent.api.tesco.com/v2/media/ghs/42218733-948e-40c7-9f52-ac3911a785f5/5aff8996-5c9a-4eca-b3c3-c7c3acfc6593_1137873117.jpeg?h=225&w=225
Tesco Grated Mozzarella 250G,€1.59,,€6.36/kg,https://www.tesco.ie/groceries/en-IE/products/315163872,https://digitalcontent.api.tesco.com/v2/media/ghs/1789de50-c318-4756-8290-b2493f465682/a1f05d51-4102-4bf4-a758-1cac317f043b_1162659834.jpeg?h=225&w=225
Irish Mild Red Sliced Cheddar 200G,€1.79,,€8.95/kg,https://www.tesco.ie/groceries/en-IE/products/290160752,https://digitalcontent.api.tesco.com/v2/media/ghs/55fab233-a4a1-4046-8ac3-66cefaea2e7d/2decbe8f-9cb7-4fd0-8246-6d004c1696bf_1665016261.jpeg?h=225&w=225
Tesco Grated Irish Mature Red Cheddar 250G,€2.09,,€8.36/kg,https://www.tesco.ie/groceries/en-IE/products/277074234,https://digitalcontent.api.tesco.com/v2/media/ghs/30f76fd6-8432-4a00-a1ba-7943e6de55ae/597d0d90-6833-4e6b-9744-641a95223ce7_239866891.jpeg?h=225&w=225
Tesco Grated Parmigiano Reggiano 100G,€1.99,,€19.90/kg,https://www.tesco.ie/groceries/en-IE/products/255081368,https://digitalcontent.api.tesco.com/v2/media/ghs/5a1f0986-05a3-4645-bd27-2c089b0c0141/7827044e-c0e7-41f0-899d-308436863eed.jpeg?h=225&w=225
Philadelphia Original Soft Cream Cheese 165G,€2.65,Any 3 for €5 Clubcard Price - Selected Cheese Or Fresh Soup Or Meat Or Yogurt & Desserts,€16.06/kg,https://www.tesco.ie/groceries/en-IE/products/311678197,https://digitalcontent.api.tesco.com/v2/media/ghs/4871bb58-75b9-41b8-b12e-62124d6fd1c0/cc16a017-68b5-40aa-bbf6-109d16712bfe_107500860.jpeg?h=225&w=225
Creamfields Mozzarella 210G,€0.65,,€5.20/kg DR.WT,https://www.tesco.ie/groceries/en-IE/products/299914475,https://digitalcontent.api.tesco.com/v2/media/ghs/73cc1f21-c10b-4f4c-856f-af46f671f0d7/8d6053e4-887e-451e-b25d-35e7ee7bb98e.jpeg?h=225&w=225
Tesco Mild Red Cheddar 400G,€2.27,,€5.68/kg,https://www.tesco.ie/groceries/en-IE/products/300736039,https://digitalcontent.api.tesco.com/v2/media/ghs/766df8f2-d32d-408b-b812-a14464ae2bc6/9082507a-b600-4f5d-856c-0fd2d3e2e4ee_75579824.jpeg?h=225&w=225
Tesco Greek Feta Cheese 200 G,€1.49,,€7.45/kg,https://www.tesco.ie/groceries/en-IE/products/260671607,https://digitalcontent.api.tesco.com/v2/media/ghs/a8298695-cf15-4830-a944-b77478343e2a/174a4705-8eb2-41fc-9775-c236fc6d1027.jpeg?h=225&w=225
Tesco Mature Sliced Irish Red Cheddar 250G,€2.19,,€8.76/kg,https://www.tesco.ie/groceries/en-IE/products/285926344,https://digitalcontent.api.tesco.com/v2/media/ghs/bec87aab-1c09-47c3-ac74-176dcf4fdc1b/64875c93-5ccf-4ef9-8669-18da47bfbcb9_967177136.jpeg?h=225&w=225
Tesco Parmigiano Reggiano Cheese 200 G,€3.49,,€17.45/kg,https://www.tesco.ie/groceries/en-IE/products/260663698,https://digitalcontent.api.tesco.com/v2/media/ghs/98fb43b0-2452-4fff-8ac5-70f2d54fc52c/70eb52de-b9e2-4b91-81e5-6e1947d9b668.jpeg?h=225&w=225
Kilmeaden Mature Red 200G Fw,€2.99,Any 3 for €5 Clubcard Price - Selected Cheese Or Fresh Soup Or Meat Or Yogurt & Desserts,€14.95/kg,https://www.tesco.ie/groceries/en-IE/products/268828181,https://digitalcontent.api.tesco.com/v2/media/ghs/9f3b0dd3-55a3-47b1-80ef-1a881f5b1489/snapshotimagehandler_633867728.jpeg?h=225&w=225
Tesco 30% Reduced Fat Mature Cheese Slices 250G,€2.29,,€9.16/kg,https://www.tesco.ie/groceries/en-IE/products/306492962,https://digitalcontent.api.tesco.com/v2/media/ghs/c28dc750-32b3-40ca-b4ea-204cf512e7ae/b913a91c-af1e-41f0-be73-4f5187732440_1611922167.jpeg?h=225&w=225
Tesco 30% Reduced Fat Mature Grated Cheese 250G,€2.19,,€8.76/kg,https://www.tesco.ie/groceries/en-IE/products/306497686,https://digitalcontent.api.tesco.com/v2/media/ghs/dc9e335f-4fe8-4849-80d1-2e140cb42d28/snapshotimagehandler_666989830.jpeg?h=225&w=225
Creamfields 15 Cheese Slices 255G,€0.89,,€3.49/kg,https://www.tesco.ie/groceries/en-IE/products/307760874,https://digitalcontent.api.tesco.com/v2/media/ghs/4ffad837-7082-472d-bafa-bcdbd0e9a221/5b28fc0e-8eea-4e78-afa4-9041f5134dee_47173964.jpeg?h=225&w=225
Tesco Gouda Slices 250G,€2.00,,€8.00/kg,https://www.tesco.ie/groceries/en-IE/products/307758814,https://digitalcontent.api.tesco.com/v2/media/ghs/b0394516-bc5a-45fe-9057-57d2d4a7bf05/8ade85c9-b69b-431b-8dbb-38ed674aba53_1509924243.jpeg?h=225&w=225
Irish Mild White Sliced Cheddar 200G,€1.79,,€8.95/kg,https://www.tesco.ie/groceries/en-IE/products/290160873,https://digitalcontent.api.tesco.com/v2/media/ghs/eea3aa5a-9703-4bb1-8d81-e2eb8ce96523/258dcd1e-8369-4a3c-b89c-a91416868852_288675050.jpeg?h=225&w=225
Tesco Wensleydale Cranberry Cheese 200 G,€2.00,,€10.00/kg,https://www.tesco.ie/groceries/en-IE/products/258771630,https://digitalcontent.api.tesco.com/v2/media/ghs/96727817-1807-4d7c-b81c-fafefd55b615/e460914f-fc59-48b0-ba6d-4de5528091a8.jpeg?h=225&w=225
Tesco Mature Irish Red Cheddar 400G,€2.89,,€7.22/kg,https://www.tesco.ie/groceries/en-IE/products/300742705,https://digitalcontent.api.tesco.com/v2/media/ghs/69c54e6d-5fd1-4281-9522-2702d2539082/ac32f0b2-8176-4a42-9abe-ebd553af7658_297795118.jpeg?h=225&w=225
Tesco Mild White Cheddar 400G,€2.27,,€5.68/kg,https://www.tesco.ie/groceries/en-IE/products/300736431,https://digitalcontent.api.tesco.com/v2/media/ghs/de75c764-611c-4d82-98a2-f7fb20329877/5616f40e-4687-455d-85d8-96e9226aa284_1206385187.jpeg?h=225&w=225
Cheestrings Original 8Pk Cheese Snacks 160G,Currently out of stock,,,https://www.tesco.ie/groceries/en-IE/products/273196994,https://digitalcontent.api.tesco.com/v2/media/ghs/08a14dd7-1c8b-4d55-af19-7667009a9020/7432e7b7-d1bb-41e1-afc6-6170ef65ea8d.jpeg?h=225&w=225
Creamfields Grated Red Cheddar 450G,€2.55,,€5.67/kg,https://www.tesco.ie/groceries/en-IE/products/300736517,https://digitalcontent.api.tesco.com/v2/media/ghs/d41ca042-16a1-443b-9b81-91fc6671c86c/0f754f98-238c-4757-93d8-0452e905001f_850552315.jpeg?h=225&w=225
Charleville Select Red Cheddar 200 G,€3.50,,€17.50/kg,https://www.tesco.ie/groceries/en-IE/products/250841353,https://digitalcontent.api.tesco.com/v2/media/ghs/255dac42-2155-4ae5-82b3-6ff48f8cbcad/bb5723bf-bcfb-4666-9932-00764ea28e7e_1778961167.jpeg?h=225&w=225
Dairylea Dunkers Jumbo Tubes Snacks 4 pack 4x41G,€3.50,€2.50 Clubcard Price,€21.34/kg,https://www.tesco.ie/groceries/en-IE/products/308856345,https://digitalcontent.api.tesco.com/v2/media/ghs/11e05e89-1c95-4081-bd87-4b492b660501/4993fe89-b1f0-4608-899d-1c98f1b8caec_1965826466.jpeg?h=225&w=225
Creamfields Soft Cheese 200G,€0.99,,€4.95/kg,https://www.tesco.ie/groceries/en-IE/products/299982577,https://digitalcontent.api.tesco.com/v2/media/ghs/07ce8bea-cc52-4ccd-b721-1a668eda28fd/51c2623f-367a-49ee-8445-bf88047856b2_336211429.jpeg?h=225&w=225
Tesco Irish Medium Grated Cheddar 250G,€2.09,,€8.36/kg,https://www.tesco.ie/groceries/en-IE/products/268991832,https://digitalcontent.api.tesco.com/v2/media/ghs/f18eadd7-07d3-4ed0-9017-7a731a165299/snapshotimagehandler_1326852501.jpeg?h=225&w=225
Tesco Edam Slices 250G,€2.00,,€8.00/kg,https://www.tesco.ie/groceries/en-IE/products/307737972,https://digitalcontent.api.tesco.com/v2/media/ghs/3e463296-2be8-48ac-9160-7b3078f69875/df9df3a4-b5bb-410f-8276-0314a557992f_1857651353.jpeg?h=225&w=225
Kerry Easi Singles Original 20 Slices 340G,€3.69,€2.50 Clubcard Price,€10.85/kg,https://www.tesco.ie/groceries/en-IE/products/313844487,https://digitalcontent.api.tesco.com/v2/media/ghs/8872773a-d422-4e08-9851-37efe1e0425d/e7618b6b-5aa1-4bda-aef1-447fea7d2a55_1264046145.jpeg?h=225&w=225
Tesco Soft Cheese Plain Full Fat 200G,€1.19,,€5.95/kg,https://www.tesco.ie/groceries/en-IE/products/303629634,https://digitalcontent.api.tesco.com/v2/media/ghs/29d0b394-79b8-43cc-b47f-b4a5adcea1ed/31698b2e-2fce-4761-9a5c-d5ca26966a13.jpeg?h=225&w=225
Tesco Medium Irish White Cheddar 400G,€2.75,,€6.88/kg,https://www.tesco.ie/groceries/en-IE/products/285925679,https://digitalcontent.api.tesco.com/v2/media/ghs/1e83f1a4-4041-4342-ba13-66642ff0e648/dc5e8edd-e126-43d4-9102-f9f5675a02c0_150483320.jpeg?h=225&w=225
Cheestrings Twisted Cheese Snacks 8Pk 160G,Currently out of stock,,,https://www.tesco.ie/groceries/en-IE/products/273197112,https://digitalcontent.api.tesco.com/v2/media/ghs/d5773573-d8b8-41c1-9b8d-b7433e6e6600/e3099ad2-568b-4749-b03b-fb69f78d0171.jpeg?h=225&w=225
Kilmeadan Fully Mature White 200G,€3.50,Any 3 for €5 Clubcard Price - Selected Cheese Or Fresh Soup Or Meat Or Yogurt & Desserts,€17.50/kg,https://www.tesco.ie/groceries/en-IE/products/268828215,https://digitalcontent.api.tesco.com/v2/media/ghs/8ee94381-4a13-4fef-87b1-d01c1bc4a34a/snapshotimagehandler_1672027449.jpeg?h=225&w=225
Boursin Garlic & Herb Soft Cheese 150 G,€3.75,,€25.00/kg,https://www.tesco.ie/groceries/en-IE/products/250692966,https://digitalcontent.api.tesco.com/v2/media/ghs/427afc6a-c9c7-4605-92d7-f965f6675605/a9997d49-5f6e-48c7-b4ae-71d101cccade.jpeg?h=225&w=225
Mini Babybel 240G 12 Pack,€3.95,,€16.46/kg,https://www.tesco.ie/groceries/en-IE/products/252971063,https://digitalcontent.api.tesco.com/v2/media/ghs/5a6d5d90-f8d3-4852-8689-58b202265624/069dcf01-7003-4505-9124-e47a8d22faa3.jpeg?h=225&w=225
Tesco Finest Parmigiano Reggiano 170 G,€3.49,Any 3 for €10 Clubcard Price - Selected Cheese Products,€20.53/kg,https://www.tesco.ie/groceries/en-IE/products/276772509,https://digitalcontent.api.tesco.com/v2/media/ghs/14c751cf-0705-477c-bbd8-0f6dccacec0b/e713f553-914a-4fd9-99eb-83e4bac525ba.jpeg?h=225&w=225
Philadelphia Lightest Low Fat Soft Cream Cheese 165G,€2.65,Any 3 for €5 Clubcard Price - Selected Cheese Or Fresh Soup Or Meat Or Yogurt & Desserts,€16.06/kg,https://www.tesco.ie/groceries/en-IE/products/311679395,https://digitalcontent.api.tesco.com/v2/media/ghs/4fb4199b-c8cd-41cc-a477-c243a9d866d4/188c1e70-e043-4f97-95dd-a3f56952b1ad_1778006146.jpeg?h=225&w=225
Tesco Mature Irish White Cheddar 400G,€2.89,,€7.22/kg,https://www.tesco.ie/groceries/en-IE/products/300742930,https://digitalcontent.api.tesco.com/v2/media/ghs/4e014360-86a3-4901-902d-14906895632e/snapshotimagehandler_1124712677.jpeg?h=225&w=225
Tesco Halloumi 225G,€2.75,,€12.22/kg,https://www.tesco.ie/groceries/en-IE/products/295580293,https://digitalcontent.api.tesco.com/v2/media/ghs/de691b26-2564-4cb2-b4fb-2bd23d381a86/c6f987b5-f1a2-49f0-905a-1df38dbbd5bd.jpeg?h=225&w=225
Tesco Mascarpone Cheese 250 G,€1.39,,€5.56/kg,https://www.tesco.ie/groceries/en-IE/products/258015530,https://digitalcontent.api.tesco.com/v2/media/ghs/a918282a-0b8c-4b5d-9c4a-1866dc8b32f6/7d3378b0-2b84-4d45-8c8f-2c84f36ee87b.jpeg?h=225&w=225
Charleville Select Red Grated Cheese 180G,€3.50,,€19.44/kg,https://www.tesco.ie/groceries/en-IE/products/313375394,https://digitalcontent.api.tesco.com/v2/media/ghs/c4b1ed73-b8f4-45c9-beef-cf76e22e8f67/e5ca4a69-2db8-4846-8568-3ac48c0c8d2c_1590114475.jpeg?h=225&w=225
Tesco Extra Mature Irish White Cheddar 400G,€3.39,,€8.48/kg,https://www.tesco.ie/groceries/en-IE/products/300736539,https://digitalcontent.api.tesco.com/v2/media/ghs/552cb5b5-5660-4630-978b-4e9fc02d8ffd/snapshotimagehandler_545234458.jpeg?h=225&w=225
Tesco Reduced Fat Mozzarella 200g,€0.79,,€3.95/kg DR.WT,https://www.tesco.ie/groceries/en-IE/products/314589871,https://digitalcontent.api.tesco.com/v2/media/ghs/a3f3c613-ad6e-4b45-a09c-57fac5d8d025/06f46446-76a2-41c6-b762-dfd6b7f6ba74.jpeg?h=225&w=225
"Mini Babybel Original Cheese 6 Pack, 120 G",€2.80,€2.25 Clubcard Price,€23.33/kg,https://www.tesco.ie/groceries/en-IE/products/253780736,https://digitalcontent.api.tesco.com/v2/media/ghs/b2412946-f312-4bc3-ab6c-05142a555061/9daff8b9-a4c4-4dd9-896d-30941239d46c.jpeg?h=225&w=225
Philadelphia Light Soft Cream Cheese Snacks Mini Tub 4 Pack 140G,€2.65,Any 3 for €5 Clubcard Price - Selected Cheese Or Fresh Soup Or Meat Or Yogurt & Desserts,€18.93/kg,https://www.tesco.ie/groceries/en-IE/products/255721257,https://digitalcontent.api.tesco.com/v2/media/ghs/f2be3871-2f69-495d-b151-16b6bdcdc8cf/6996d4c6-a9e0-49ed-bc2a-b0283d2e3204.jpeg?h=225&w=225
Tesco Emmental Slices 250G,€2.00,,€8.00/kg,https://www.tesco.ie/groceries/en-IE/products/307739561,https://digitalcontent.api.tesco.com/v2/media/ghs/369689bb-626a-40e7-9e4b-ba604898abb6/c1c6518e-59c5-4a60-bcaf-e13057cb0606_1106954608.jpeg?h=225&w=225
Creamfields French Brie 200G,€1.49,,€7.45/kg,https://www.tesco.ie/groceries/en-IE/products/299914515,https://digitalcontent.api.tesco.com/v2/media/ghs/aaeb0a71-e847-4119-8086-f9af992b40a0/52cd6621-8c1f-47f5-a70d-7beacc0831e6_364153374.jpeg?h=225&w=225
Tesco Medium Irish Red Cheddar 400G,€2.75,,€6.88/kg,https://www.tesco.ie/groceries/en-IE/products/285925443,https://digitalcontent.api.tesco.com/v2/media/ghs/5fdc1e03-385b-439a-9747-ad3236bc726c/snapshotimagehandler_1735419925.jpeg?h=225&w=225
Laughing Cow Original Cheese Spread Triangles 8 Pack 133G,€2.65,€2.00 Clubcard Price,€19.92/kg,https://www.tesco.ie/groceries/en-IE/products/309490147,https://digitalcontent.api.tesco.com/v2/media/ghs/eb66aa7b-801e-4ef4-8d3e-dd41ed87641f/ea38ffed-c93b-4ff1-9766-9710d5228382_891695459.jpeg?h=225&w=225
Tesco Vintage Irish White Cheddar 400G,€3.59,,€8.98/kg,https://www.tesco.ie/groceries/en-IE/products/285925642,https://digitalcontent.api.tesco.com/v2/media/ghs/2c85dd7a-e391-4c2f-9412-de83f90e618e/8aebea6b-9462-4d21-82db-a1c3a0afa9b4_810423442.jpeg?h=225&w=225
Cheestrings Original Cheese Snacks 4 Pack 80G,€2.25,,€28.12/kg,https://www.tesco.ie/groceries/en-IE/products/273197498,https://digitalcontent.api.tesco.com/v2/media/ghs/2b53576e-f1f1-4c69-83a7-a8dd0d077064/6f0c9b56-e5a2-455b-8512-a0c80bb87bb5.jpeg?h=225&w=225
Charleville Red Select Cheese Slices160g,€3.50,,€21.88/kg,https://www.tesco.ie/groceries/en-IE/products/277690005,https://digitalcontent.api.tesco.com/v2/media/ghs/a91921c4-3476-438d-a4f3-55c84a9f5c9a/179f84d9-00d0-48d5-bd46-be4780dc46a5_1111392519.jpeg?h=225&w=225
Tesco Grated Pecorino Cheese 50G,€1.10,,€22.00/kg,https://www.tesco.ie/groceries/en-IE/products/299769986,https://digitalcontent.api.tesco.com/v2/media/ghs/d79442e9-6abf-4e8c-94bf-c8203540dabc/62775c65-84f9-4535-b5ac-b9f31d0b3c67.jpeg?h=225&w=225
Tesco Mature Sliced Irish White Cheddar 250G,€2.19,,€8.76/kg,https://www.tesco.ie/groceries/en-IE/products/285926056,https://digitalcontent.api.tesco.com/v2/media/ghs/c2b70e1b-20ec-4afb-853e-211ab2687c7f/snapshotimagehandler_1385062089.jpeg?h=225&w=225
Cashel Blue Farmhouse Blue Cheese 125G,€3.49,Any 3 for €10 Clubcard Price - Selected Cheese Products,€27.92/kg,https://www.tesco.ie/groceries/en-IE/products/268563965,https://digitalcontent.api.tesco.com/v2/media/ghs/d5e9deca-452e-4ac4-b01e-3d09b515b0ae/snapshotimagehandler_904207193.jpeg?h=225&w=225
Kilmeadan Mature White 200G,€2.99,Any 3 for €5 Clubcard Price - Selected Cheese Or Fresh Soup Or Meat Or Yogurt & Desserts,€14.95/kg,https://www.tesco.ie/groceries/en-IE/products/268828209,https://digitalcontent.api.tesco.com/v2/media/ghs/7f91c5b1-dd4e-45ab-97e5-e7d1bda27f9e/snapshotimagehandler_1094588655.jpeg?h=225&w=225
Philadelphia Original Soft Cream Cheese Mini Tub 4 Pack 140G,€2.65,Any 3 for €5 Clubcard Price - Selected Cheese Or Fresh Soup Or Meat Or Yogurt & Desserts,€18.93/kg,https://www.tesco.ie/groceries/en-IE/products/293353820,https://digitalcontent.api.tesco.com/v2/media/ghs/63db54d0-9dea-46a9-8e71-56d99f9a7f3f/d6c15897-fb1a-462e-9fdb-e53fc47de7f5_835133652.jpeg?h=225&w=225
Tesco Finest Reserve Swiss Gruyere Cheese 195 G,€3.99,Any 3 for €10 Clubcard Price - Selected Cheese Products,€20.46/kg,https://www.tesco.ie/groceries/en-IE/products/260655103,https://digitalcontent.api.tesco.com/v2/media/ghs/1fdd8a66-3666-4175-b61e-53e03ee8982f/8323e42a-0c02-4443-81a1-4cd45908d234.jpeg?h=225&w=225
Philadelphia Original Soft Cream Cheese 280G,€4.00,,€14.29/kg,https://www.tesco.ie/groceries/en-IE/products/311687892,https://digitalcontent.api.tesco.com/v2/media/ghs/84571edc-89eb-411e-876a-53e0836e7e03/1498a2c3-105d-41bb-aa4c-d5b484f10ea1_1489895684.jpeg?h=225&w=225
Tesco 50% Less Fat Soft Cheese 200G,€1.19,,€5.95/kg,https://www.tesco.ie/groceries/en-IE/products/303618048,https://digitalcontent.api.tesco.com/v2/media/ghs/5a1ab216-f8e4-4daf-b65b-50597492354a/0c094a17-baf7-4753-a5b0-6f1820123d47.jpeg?h=225&w=225
Philadelphia Garlic & Herbs Soft Cream Cheese 165G,€2.65,Any 3 for €5 Clubcard Price - Selected Cheese Or Fresh Soup Or Meat Or Yogurt & Desserts,€16.06/kg,https://www.tesco.ie/groceries/en-IE/products/311794004,https://digitalcontent.api.tesco.com/v2/media/ghs/3114c847-2b5e-4637-aef6-b121c1836e87/74b024e5-d09a-45ba-a394-078e687b35e5_781799042.jpeg?h=225&w=225
Dairylea Dunkers Nacho Cheese Snacks 4 pack 4x43G,€3.50,€2.50 Clubcard Price,€20.35/kg,https://www.tesco.ie/groceries/en-IE/products/308833879,https://digitalcontent.api.tesco.com/v2/media/ghs/2af4968d-aa97-42c7-b901-079c39388f30/01a31acc-cbb8-4e5a-9a86-a1a1a8847f5d_360880100.jpeg?h=225&w=225
Creamfields 10 Mild Red Chedder Slices 200G,€1.65,,€8.25/kg,https://www.tesco.ie/groceries/en-IE/products/313010924,https://digitalcontent.api.tesco.com/v2/media/ghs/c325abd6-1414-448c-988a-b8093a4a278b/3d2698b7-aeeb-4d28-bad8-da8160e3f249_1471665367.jpeg?h=225&w=225
Dairylea Lunchers Ham & Cheese Snacks 74g,€2.25,Any 3 for €5 Clubcard Price - Selected Cheese Or Fresh Soup Or Meat Or Yogurt & Desserts,€30.40/kg,https://www.tesco.ie/groceries/en-IE/products/314579557,https://digitalcontent.api.tesco.com/v2/media/ghs/4f6e426a-e8ed-43e5-9921-dd61c2eee85a/ecd42354-bb9c-402e-a064-84e42573870a_128080515.jpeg?h=225&w=225
Philadelphia Light Low Fat Soft Cream Cheese 165G,€2.65,Any 3 for €5 Clubcard Price - Selected Cheese Or Fresh Soup Or Meat Or Yogurt & Desserts,€16.06/kg,https://www.tesco.ie/groceries/en-IE/products/311786803,https://digitalcontent.api.tesco.com/v2/media/ghs/bef70224-7d5b-467a-a370-39ac1adb328f/e59f1ec2-7240-43eb-ad25-07eda0fc466b_807399682.jpeg?h=225&w=225
Wexford Strong & Vintage 200G,€3.65,,€18.25/kg,https://www.tesco.ie/groceries/en-IE/products/262524906,https://digitalcontent.api.tesco.com/v2/media/ghs/80eb03e2-57aa-4d3d-91f3-15f83773f649/e5cc78b9-23bd-44ef-aafe-cc9cbe1098dc_729253475.jpeg?h=225&w=225
Tesco Spreadable Goats Cheese 150G,€1.65,,€11.00/kg,https://www.tesco.ie/groceries/en-IE/products/262367602,https://digitalcontent.api.tesco.com/v2/media/ghs/f206e769-dc27-4665-8392-6246bf19191c/d997e75a-57b9-42d9-8bab-1df0f4773e49.jpeg?h=225&w=225
Kilmeaden Mature Red Grated Bag 200G,€3.25,Any 3 for €5 Clubcard Price - Selected Cheese Or Fresh Soup Or Meat Or Yogurt & Desserts,€16.25/kg,https://www.tesco.ie/groceries/en-IE/products/262973610,https://digitalcontent.api.tesco.com/v2/media/ghs/f16cd816-c837-4411-8a77-17ba38dd7c49/snapshotimagehandler_1716032894.jpeg?h=225&w=225
Creamfields Grated Cheddar 450G,€2.55,,€5.67/kg,https://www.tesco.ie/groceries/en-IE/products/305953350,https://digitalcontent.api.tesco.com/v2/media/ghs/ce63b84b-db40-472b-b80e-479e97472cab/b1dd2104-c9c8-4c3a-9280-4e90f768782b_721718140.jpeg?h=225&w=225
Castelli Fresh Mozzerella 125 G,€1.99,,€15.92/kg,https://www.tesco.ie/groceries/en-IE/products/250816430,https://digitalcontent.api.tesco.com/v2/media/ghs/6610c111-0c35-4d0c-bab3-093478160ada/snapshotimagehandler_1743016330.jpeg?h=225&w=225
Tesco 50% Reduced Fat Mature Cheese 200G,€2.00,,€10.00/kg,https://www.tesco.ie/groceries/en-IE/products/307364554,https://digitalcontent.api.tesco.com/v2/media/ghs/6128f83d-5be4-4ac7-bc7a-a7625910f5c7/308ed2d6-69d3-4228-8dc0-ba0d1dc65b2b_1516036689.jpeg?h=225&w=225
Tesco Paneer Cheese 200G,€1.99,,€9.95/kg,https://www.tesco.ie/groceries/en-IE/products/299685318,https://digitalcontent.api.tesco.com/v2/media/ghs/31f3730c-ccc8-45c5-b3bc-190c9b23fb19/d7e5a62a-4e6c-4c54-95e0-b0128b781547.jpeg?h=225&w=225
Creamfields Cottage Cheese Low Fat 300G,Currently out of stock,,,https://www.tesco.ie/groceries/en-IE/products/300543993,https://digitalcontent.api.tesco.com/v2/media/ghs/dd2e294d-7ccf-4d2a-bbe1-1a593bcdb3a5/3903d87c-5e9e-40a7-88db-804ff6e36e26.jpeg?h=225&w=225
Dairylea Ritz Dunkers Cheese Snacks 4 Pack 4x43G,€3.50,€2.50 Clubcard Price,€20.35/kg,https://www.tesco.ie/groceries/en-IE/products/309758840,https://digitalcontent.api.tesco.com/v2/media/ghs/e90d326a-3b1f-401e-9b9a-6b1b1f213a58/af41a95a-47f7-4b3b-931b-6a8ca5b14d4b_850113708.jpeg?h=225&w=225
Charleville Mozzarella And Cheddar Grated 180G,€3.50,,€19.44/kg,https://www.tesco.ie/groceries/en-IE/products/312837748,https://digitalcontent.api.tesco.com/v2/media/ghs/010757b8-2258-4578-accb-fd39a4baa29e/29819937-647e-473b-b737-f50285f05453_301817870.jpeg?h=225&w=225
Kilmeaden Square Slices 160G,€3.25,Any 3 for €5 Clubcard Price - Selected Cheese Or Fresh Soup Or Meat Or Yogurt & Desserts,€20.31/kg,https://www.tesco.ie/groceries/en-IE/products/300717108,https://digitalcontent.api.tesco.com/v2/media/ghs/846ebd04-48e1-46ab-8208-2fd27009b72c/snapshotimagehandler_229920750.jpeg?h=225&w=225
Charleville Mature Red Cheddar 200G,€3.50,,€17.50/kg,https://www.tesco.ie/groceries/en-IE/products/250839604,https://digitalcontent.api.tesco.com/v2/media/ghs/b06cf8e8-26e8-4e9e-bd80-da7c50a30b1d/271cf4fe-371a-43bb-b146-6567f3762e41_303538716.jpeg?h=225&w=225
Port Salut Creamy French Cheese 185 G,€3.99,,€21.57/kg,https://www.tesco.ie/groceries/en-IE/products/260794122,https://digitalcontent.api.tesco.com/v2/media/ghs/db8e1d8e-63d0-4d0b-8067-94f7d8fbe7ab/b7da7720-fbfe-49f4-8a75-6cb093d385a5.jpeg?h=225&w=225
Tranos Greek Feta 200G,€1.09,,€5.45/kg,https://www.tesco.ie/groceries/en-IE/products/278857608,https://digitalcontent.api.tesco.com/v2/media/ghs/b6b734a1-4428-4373-983a-9dd249abb2c1/7dbf29f8-a599-43ec-8ddb-5c63eb88aae9.jpeg?h=225&w=225
The Laughing Cow Cheese Dip & Crunch Spead 140 G,€2.75,,€19.64/kg,https://www.tesco.ie/groceries/en-IE/products/282111218,https://digitalcontent.api.tesco.com/v2/media/ghs/f3df58e9-1c55-44a7-a62e-aeb133deac12/f218af79-e090-4e53-9a14-b59dcd63a8bf.jpeg?h=225&w=225
Président French Brie Cheese 200g,€3.49,,€17.45/kg,https://www.tesco.ie/groceries/en-IE/products/257349263,https://digitalcontent.api.tesco.com/v2/media/ghs/73240347-c20a-4bb5-a3fe-d9eff3692f7d/fc03c839-4cd6-4c7b-ad2f-30a4289fc274.jpeg?h=225&w=225
Mini Babybel Light 240G 12 Pack,€3.95,,€16.46/kg,https://www.tesco.ie/groceries/en-IE/products/260468970,https://digitalcontent.api.tesco.com/v2/media/ghs/2c41e7a3-2e36-4508-9453-6ba955b2a988/70020c78-0e50-42b3-96dd-b385ee54c7d3.jpeg?h=225&w=225
Dubliner Orginal Red Slices180g,€3.75,,€20.83/kg,https://www.tesco.ie/groceries/en-IE/products/277688562,https://digitalcontent.api.tesco.com/v2/media/ghs/9e20aeee-0c79-4777-878a-ea4dff78c9a1/759cf5d3-1cbd-4dc5-99cd-d8a36af2e3e1_1992211849.jpeg?h=225&w=225
Low Low White Cheddar Cheese Slices 160 G,€3.50,€2.50 Clubcard Price,€21.88/kg,https://www.tesco.ie/groceries/en-IE/products/274560090,https://digitalcontent.api.tesco.com/v2/media/ghs/0c383132-5df5-480e-9e5b-a4cc116af7df/70ffa23b-33d2-475b-92bf-2f00c30b8f41_1410064018.jpeg?h=225&w=225
Tesco Ricotta Cheese 250 G,€1.39,,€5.56/kg,https://www.tesco.ie/groceries/en-IE/products/257596614,https://digitalcontent.api.tesco.com/v2/media/ghs/64673a71-1cc2-48a7-8d88-e0cfd55066f3/44c89096-28df-420d-91e8-cb8e69c7b15e.jpeg?h=225&w=225
Charleville Lighter Red And Moz Grated Cheese 180G,€3.50,€2.50 Clubcard Price,€19.44/kg,https://www.tesco.ie/groceries/en-IE/products/313501614,https://digitalcontent.api.tesco.com/v2/media/ghs/1268652f-9eb4-42ee-a1af-c8efcb4389e1/41ac73cb-5d63-4f81-84e0-8d2923325eb4_146299767.jpeg?h=225&w=225
Tesco Finest Comte Aop 180G,€3.99,Any 3 for €10 Clubcard Price - Selected Cheese Products,€22.17/kg,https://www.tesco.ie/groceries/en-IE/products/310125655,https://digitalcontent.api.tesco.com/v2/media/ghs/f0da70a7-343c-4714-8a7e-af7207389b62/a2437bd3-9bc7-412f-bf40-277b98b8f7d2_172176557.jpeg?h=225&w=225
Charleville Sliced Mature Red Cheddar 160G,€3.50,,€21.88/kg,https://www.tesco.ie/groceries/en-IE/products/277689964,https://digitalcontent.api.tesco.com/v2/media/ghs/6215b68c-5738-42db-8fdb-848c76656614/cd4de6cc-f9f4-4bde-a069-05829075844a_1605542424.jpeg?h=225&w=225
Tesco Cheddar Irish Mature Red 200G,€2.00,,€10.00/kg,https://www.tesco.ie/groceries/en-IE/products/277065562,https://digitalcontent.api.tesco.com/v2/media/ghs/4d9c2c43-631c-4047-ae48-88100f7bdfa3/snapshotimagehandler_1473351285.jpeg?h=225&w=225
Tesco Finest Brie De Meaux Aop Portion 170G,€3.39,Any 3 for €10 Clubcard Price - Selected Cheese Products,€19.94/kg,https://www.tesco.ie/groceries/en-IE/products/277465774,https://digitalcontent.api.tesco.com/v2/media/ghs/8f0bee51-ae12-4b5d-80f3-a9095bae05b8/b2db229e-14cd-4789-b16d-35498d551089.jpeg?h=225&w=225
T Double Gloucester Chive And Onion Cheese Slices 150G,€2.00,,€13.33/kg,https://www.tesco.ie/groceries/en-IE/products/299769905,https://digitalcontent.api.tesco.com/v2/media/ghs/b5f73372-2fc5-4481-b28b-f34b965a5441/c71bdbec-03fe-475f-869b-30b7eced6a59.jpeg?h=225&w=225
Low Low Medium Red And Mozzarella Grated Cheese 180G,€3.50,€2.50 Clubcard Price,€19.44/kg,https://www.tesco.ie/groceries/en-IE/products/312999089,https://digitalcontent.api.tesco.com/v2/media/ghs/90c403ad-05a5-440f-a69d-163130f48502/84e4643f-b1c8-43ea-b6b9-7cc0d1b39265_1300397695.jpeg?h=225&w=225
Tesco Finest Vintage Irish White Cheddar 250G,€2.49,,€9.96/kg,https://www.tesco.ie/groceries/en-IE/products/310140665,https://digitalcontent.api.tesco.com/v2/media/ghs/b711c59b-1c93-4d23-90f0-d3ba7a5320ad/27a35a0e-dc06-4423-b7cc-37bba88e43f0_714583759.jpeg?h=225&w=225
Dubliner Orginal White Slices180g,€3.75,,€20.83/kg,https://www.tesco.ie/groceries/en-IE/products/277688464,https://digitalcontent.api.tesco.com/v2/media/ghs/8225f201-3c01-47a8-9dc2-f379302e2633/a523fc4a-d5be-422a-916f-5bda77f81317_1090103742.jpeg?h=225&w=225
Kilmeaden Mature Red Chedder Hand Cut Slices 200G,€3.99,€2.50 Clubcard Price,€19.95/kg,https://www.tesco.ie/groceries/en-IE/products/313844594,https://digitalcontent.api.tesco.com/v2/media/ghs/5d33f4f1-5abc-4e0f-b055-98031031f9b6/f09a6a36-9e3c-45d1-81a1-7bf75539d7b5_1767212704.jpeg?h=225&w=225
Tesco Finest Halloumi Cheese 225 G,€3.99,Any 3 for €10 Clubcard Price - Selected Cheese Products,€17.73/kg,https://www.tesco.ie/groceries/en-IE/products/268228401,https://digitalcontent.api.tesco.com/v2/media/ghs/e3fc467d-c147-4648-b34f-92ecb8d6d507/cec90be9-8a46-4829-8311-b6a2e3573dc6.jpeg?h=225&w=225
Charleville Lighter Medium Red Cheese Slices 160G,€3.50,€2.50 Clubcard Price,€21.88/kg,https://www.tesco.ie/groceries/en-IE/products/307365461,https://digitalcontent.api.tesco.com/v2/media/ghs/c5d3f714-6b65-4df0-8281-6e5333c2a6e4/e7901758-0fba-4ecd-afe0-14bb788c15ba_949090523.jpeg?h=225&w=225
Tesco Extra Mature Irish Red Cheddar 400G,€3.39,,€8.48/kg,https://www.tesco.ie/groceries/en-IE/products/300736598,https://digitalcontent.api.tesco.com/v2/media/ghs/3514c59b-70e7-4692-b790-35c773c3048c/snapshotimagehandler_46970329.jpeg?h=225&w=225
Tesco Soft Cheese 50% Less Fat Garlic & Herb 200G,€1.19,,€5.95/kg,https://www.tesco.ie/groceries/en-IE/products/303618060,https://digitalcontent.api.tesco.com/v2/media/ghs/1ef0795d-d952-4d28-bdff-72baf8f6a8cb/2080105f-ac5a-4960-a636-0306c5676e3f.jpeg?h=225&w=225
Kilmeaden Fully Mature Red 200G,€3.50,Any 3 for €5 Clubcard Price - Selected Cheese Or Fresh Soup Or Meat Or Yogurt & Desserts,€17.50/kg,https://www.tesco.ie/groceries/en-IE/products/268828175,https://digitalcontent.api.tesco.com/v2/media/ghs/16d05991-2731-4332-95cd-06bf9ed48e35/snapshotimagehandler_1908575044.jpeg?h=225&w=225
L/Cow Light Cheese Spread Triangle 8 Pack 133G,€2.65,€2.00 Clubcard Price,€19.92/kg,https://www.tesco.ie/groceries/en-IE/products/309459318,https://digitalcontent.api.tesco.com/v2/media/ghs/220e6857-480e-4400-8324-62178a49d0bc/57e768bf-2d0a-4e97-b5af-567ff152a95b_601723272.jpeg?h=225&w=225
Creamfields Grated Grana Padano 100G,€1.25,,€12.50/kg,https://www.tesco.ie/groceries/en-IE/products/304400809,https://digitalcontent.api.tesco.com/v2/media/ghs/0d3316b3-71cb-4183-bbcc-2bd83459db18/fb776fbf-3a25-4881-8ead-5e1a8b7316ad_708806384.jpeg?h=225&w=225
Wexford Rich & Mature Red 200G,€3.25,,€16.25/kg,https://www.tesco.ie/groceries/en-IE/products/262524935,https://digitalcontent.api.tesco.com/v2/media/ghs/81cc3dc0-b128-4997-b838-09cc43450117/0e08fd83-4ec1-4c75-8469-85014792a4e3_580733588.jpeg?h=225&w=225
Low Low Slices Medium Red 160G,€3.50,€2.50 Clubcard Price,€21.88/kg,https://www.tesco.ie/groceries/en-IE/products/274559870,https://digitalcontent.api.tesco.com/v2/media/ghs/3ea55fbf-6b7b-4d47-8bae-62d77ebd6a15/snapshotimagehandler_125500488.jpeg?h=225&w=225
"Cheestrings Twisted Cheese Snacks 4 Pk, 80 G",€2.25,,€28.12/kg,https://www.tesco.ie/groceries/en-IE/products/273197423,https://digitalcontent.api.tesco.com/v2/media/ghs/a0ab5750-dd9f-453f-bf57-ec7a79cf148f/6a031da4-de2c-454f-a483-70d70ae9faec.jpeg?h=225&w=225
Kerry Easi Singles Original 10 Slices 170G,€1.90,,€11.18/kg,https://www.tesco.ie/groceries/en-IE/products/313606519,https://digitalcontent.api.tesco.com/v2/media/ghs/eeacc464-1741-4968-b263-c4e81c9e2a6d/0819662e-8ce0-4077-9ea2-41c951b39118_2003480628.jpeg?h=225&w=225
Dairylea Dunkers Breadsticks Cheese Snacks 4 pack 4x43G,€3.50,€2.50 Clubcard Price,€20.35/kg,https://www.tesco.ie/groceries/en-IE/products/308832362,https://digitalcontent.api.tesco.com/v2/media/ghs/ccf59200-6b29-46a4-bde8-aaad150cf7fe/514e7efb-275c-4c86-8610-2902eda8df77_1909791572.jpeg?h=225&w=225
Carbery Cracker 200G,€3.50,,€17.50/kg,https://www.tesco.ie/groceries/en-IE/products/301176728,https://digitalcontent.api.tesco.com/v2/media/ghs/c7fa3971-acf6-47fb-b0bb-aef564192d61/snapshotimagehandler_267097402.jpeg?h=225&w=225
Charleville Deliciously Ham Sread,€2.29,,€18.32/kg,https://www.tesco.ie/groceries/en-IE/products/268876330,https://digitalcontent.api.tesco.com/v2/media/ghs/86c70b3a-ef92-48d7-b34c-f53668ca57bc/8aa53f42-d507-4bae-b6f1-91bbda579000_1550610357.jpeg?h=225&w=225
Tesco Mozzarella For Pizza 250G,€2.49,,€9.96/kg,https://www.tesco.ie/groceries/en-IE/products/255087569,https://digitalcontent.api.tesco.com/v2/media/ghs/fc806f8a-3c0e-49ee-9b31-c1f677a64b44/5084f30b-5fdf-4453-b280-9dee424e4972.jpeg?h=225&w=225
Wexford Rich & Mature White 200G,€3.25,,€16.25/kg,https://www.tesco.ie/groceries/en-IE/products/262524941,https://digitalcontent.api.tesco.com/v2/media/ghs/be9239cc-66b7-4189-83d9-832bfbf46ea4/064f1865-2f6b-4778-9a48-d7a466f0dba0_1807630205.jpeg?h=225&w=225
Charleville Mozzarella Grated Cheese 180G,€3.50,,€19.44/kg,https://www.tesco.ie/groceries/en-IE/products/313515687,https://digitalcontent.api.tesco.com/v2/media/ghs/503dd115-f8f5-4d5a-bdc1-aa94f4a19701/e503c4bd-a4d2-4613-a8d3-c033a1e1b941_1038105584.jpeg?h=225&w=225
Tesco Wensleydale & Apricot Cheese 200G,€1.99,,€9.95/kg,https://www.tesco.ie/groceries/en-IE/products/299769928,https://digitalcontent.api.tesco.com/v2/media/ghs/0da169d0-d3f2-4c34-b4ec-0e1ecacc5265/2c1265bc-6797-4d8b-bbcd-e96e7ac48df4.jpeg?h=225&w=225
Charleville Lighter Medium Red Grated Cheese 180G,€3.50,€2.50 Clubcard Price,€19.44/kg,https://www.tesco.ie/groceries/en-IE/products/312837662,https://digitalcontent.api.tesco.com/v2/media/ghs/fc5a42d6-1ac8-4157-9ad9-1f8d0087987f/40ad2283-b9ea-4a0c-8925-e3e1cfa0bd3f_1849788587.jpeg?h=225&w=225
Tesco Finest Cave Aged Swiss Emmental 195G,€4.49,Any 3 for €10 Clubcard Price - Selected Cheese Products,€23.03/kg,https://www.tesco.ie/groceries/en-IE/products/260655190,https://digitalcontent.api.tesco.com/v2/media/ghs/4f903133-ea3d-4aae-a392-3ae859759119/b33a67bc-954d-4f10-ae62-173b391dc172.jpeg?h=225&w=225
Charlevlle White Select Cheese Slices 160G,€3.50,,€21.88/kg,https://www.tesco.ie/groceries/en-IE/products/277689987,https://digitalcontent.api.tesco.com/v2/media/ghs/21880ab0-a372-43c7-9215-9682083f610a/e74898ed-1f98-4167-87b0-aba2bc865592_844623270.jpeg?h=225&w=225
Philadelphia Chives Soft Cream Cheese 165G,€2.65,Any 3 for €5 Clubcard Price - Selected Cheese Or Fresh Soup Or Meat Or Yogurt & Desserts,€16.06/kg,https://www.tesco.ie/groceries/en-IE/products/311679527,https://digitalcontent.api.tesco.com/v2/media/ghs/8ec9ad53-5882-4d17-8f4b-22fb45c30f58/c10141a5-5642-44ac-a7e1-2eb17465b933_1312060616.jpeg?h=225&w=225
"Mini Babybel Light Cheese 6 Pack, 120 G",€2.80,€2.25 Clubcard Price,€23.33/kg,https://www.tesco.ie/groceries/en-IE/products/253780811,https://digitalcontent.api.tesco.com/v2/media/ghs/9f1178e5-880c-471f-abc1-776885b23a50/859ceb87-bb58-46ec-a655-73b1adbd9184.jpeg?h=225&w=225
Creamfields Grana Padano Wedge 175G,€2.27,,€12.97/kg,https://www.tesco.ie/groceries/en-IE/products/304390832,https://digitalcontent.api.tesco.com/v2/media/ghs/80fa667f-7d60-413c-86c0-22f75981f67a/0515ff36-0d77-423d-81ed-43bab2531cb2_1364803277.jpeg?h=225&w=225
Cooleeney Camembert 200 G,€3.49,Any 3 for €10 Clubcard Price - Selected Cheese Products,€17.45/kg,https://www.tesco.ie/groceries/en-IE/products/252310679,https://digitalcontent.api.tesco.com/v2/media/ghs/60806c7f-5b8d-4bb6-ae52-58975b346cc2/snapshotimagehandler_2068784204.jpeg?h=225&w=225
Tesco Double Gloucester Onion & Chives 200G,€1.99,,€9.95/kg,https://www.tesco.ie/groceries/en-IE/products/258663021,https://digitalcontent.api.tesco.com/v2/media/ghs/578e53ec-b035-426d-9547-0080a5e322ff/be7721ea-5935-4cd7-bc6e-96b75616937d.jpeg?h=225&w=225
Kilmeaden Irish Cheddar Snack Bar 5X20g,€2.80,Any 3 for €5 Clubcard Price - Selected Cheese Or Fresh Soup Or Meat Or Yogurt & Desserts,€28.00/kg,https://www.tesco.ie/groceries/en-IE/products/306654184,https://digitalcontent.api.tesco.com/v2/media/ghs/bd67d8b1-fe5b-446b-a1a7-01f4a1b81d53/snapshotimagehandler_1254429599.jpeg?h=225&w=225
Alpenhain Baked Camembert 200G,€2.99,,€14.95/kg,https://www.tesco.ie/groceries/en-IE/products/289167734,https://digitalcontent.api.tesco.com/v2/media/ghs/be9c332f-b1af-485e-b716-b379d960d98c/snapshotimagehandler_1315718281.jpeg?h=225&w=225
Gortnamona Goats Cheese 150G,€3.99,Any 3 for €10 Clubcard Price - Selected Cheese Products,€26.60/kg,https://www.tesco.ie/groceries/en-IE/products/294434850,https://digitalcontent.api.tesco.com/v2/media/ghs/3a97d236-c835-48b2-979d-915133c1654e/snapshotimagehandler_2025651460.jpeg?h=225&w=225
Tesco Dutch Gouda Cheese 265 G,€2.49,,€9.40/kg,https://www.tesco.ie/groceries/en-IE/products/262174830,https://digitalcontent.api.tesco.com/v2/media/ghs/3950644b-4823-4f57-a460-a9a030a25613/6f80787e-d750-4dd2-a520-fe417744e1f4.jpeg?h=225&w=225
Philadelphia Light Low Fat Soft Cream Cheese Snacks 3 Pack 126G,€2.70,,€21.43/kg,https://www.tesco.ie/groceries/en-IE/products/308839556,https://digitalcontent.api.tesco.com/v2/media/ghs/aadae1d4-34e2-4255-9805-6edd62566f6d/ad0792f8-8c7a-4703-8816-ae5c3e5bff5b_179830683.jpeg?h=225&w=225
Tesco Fat Free Cottage Cheese 300G,Currently out of stock,,,https://www.tesco.ie/groceries/en-IE/products/294770087,https://digitalcontent.api.tesco.com/v2/media/ghs/65e4832a-d9a7-44fb-b5fa-31da73a6efe1/e54c75fa-4924-467a-97e1-1d7177126793.jpeg?h=225&w=225
Calvita Cheese Singles 340G 20'S,€3.69,,€10.85/kg,https://www.tesco.ie/groceries/en-IE/products/250817596,https://digitalcontent.api.tesco.com/v2/media/ghs/313df4fd-a56a-4a05-b00c-bd70c730d902/a4997443-594a-4fb8-ae8f-394090e781f1_1985589761.jpeg?h=225&w=225
Favrskov Danish Blue Cheese 100G,€1.49,,€14.90/kg,https://www.tesco.ie/groceries/en-IE/products/309178443,https://digitalcontent.api.tesco.com/v2/media/ghs/b9202b61-f95b-4b12-a426-30bac075189f/544df222-b03c-4e56-82b4-db8f6e14ba4e_303758201.jpeg?h=225&w=225
Charleville Light Spread Mature Chedder 125G,€2.29,,€18.32/kg,https://www.tesco.ie/groceries/en-IE/products/268231932,https://digitalcontent.api.tesco.com/v2/media/ghs/cb3b0bfa-d9d2-4a17-a949-3b49dc9d3a71/ed4913a3-53b9-456e-a218-60ab82b9218b.jpeg?h=225&w=225
Philadelphia Light Low Fat Soft Cream Cheese 280G,€4.00,,€14.29/kg,https://www.tesco.ie/groceries/en-IE/products/311436216,https://digitalcontent.api.tesco.com/v2/media/ghs/9e2208bd-332b-46b6-abd2-bd1ce3d3f044/eb6f31a7-0eb1-45c8-8446-8428dad37ef8_1100578718.jpeg?h=225&w=225
Laughing Cow Lightest Cheese Spread Triangles 8Pk 133G,€2.65,€2.00 Clubcard Price,€19.92/kg,https://www.tesco.ie/groceries/en-IE/products/309453329,https://digitalcontent.api.tesco.com/v2/media/ghs/408b5ed8-af5c-4a12-aea8-933fe1fddab5/b3596f06-166b-4735-b630-c8634b463eec_1390377086.jpeg?h=225&w=225
Vintage Dubliner Cheese Block 200G,€4.20,,€21.00/kg,https://www.tesco.ie/groceries/en-IE/products/258088949,https://digitalcontent.api.tesco.com/v2/media/ghs/6519f977-6a0f-47bc-9127-5a15beb32bb1/95ca467d-a41b-498b-a597-de3bbc9a4fc7_1270653402.jpeg?h=225&w=225
Dairylea Snackers Cheese & Crackers Mini Oreo 66.1G,€2.25,Any 3 for €5 Clubcard Price - Selected Cheese Or Fresh Soup Or Meat Or Yogurt & Desserts,€34.04/kg,https://www.tesco.ie/groceries/en-IE/products/308860443,https://digitalcontent.api.tesco.com/v2/media/ghs/b1ac6b90-07d9-41de-8810-8ff3ade292aa/cb68921f-eb8a-458f-94e0-ed09c30f6b77_100694706.jpeg?h=225&w=225
Galtee Cheese Block200g,€2.65,,€13.25/kg,https://www.tesco.ie/groceries/en-IE/products/280567690,https://digitalcontent.api.tesco.com/v2/media/ghs/d56d25ea-a22e-4c39-a57b-2b39fe89a4bb/snapshotimagehandler_1097891697.jpeg?h=225&w=225
Tesco Finest Aged Blue Stilton 215G,€3.99,Any 3 for €10 Clubcard Price - Selected Cheese Products,€18.56/kg,https://www.tesco.ie/groceries/en-IE/products/261543021,https://digitalcontent.api.tesco.com/v2/media/ghs/cc50b05c-5c9a-4ab1-ba1d-d9dc499a8c0b/26ad672a-9afa-4b02-8504-308d9dfdea97.jpeg?h=225&w=225
Charleville Select White Block 200G,€3.50,,€17.50/kg,https://www.tesco.ie/groceries/en-IE/products/283392015,https://digitalcontent.api.tesco.com/v2/media/ghs-mktg/b0b04216-fa73-466d-a9d7-c9fcfa1ce9b3/no-image.jpeg
Tesco 10 Beechwood Smoked Cheese Slices 250G,€3.00,,€12.00/kg,https://www.tesco.ie/groceries/en-IE/products/294302010,https://digitalcontent.api.tesco.com/v2/media/ghs/4f86e2de-0b4b-43c8-9ebe-2a1d73345be7/333be29c-0b46-457b-af58-f0bd514423d6.jpeg?h=225&w=225
Tesco Italian Pecorino Cheese 170 G,€3.85,,€22.65/kg,https://www.tesco.ie/groceries/en-IE/products/294136643,https://digitalcontent.api.tesco.com/v2/media/ghs/a338ed96-08ec-494c-ae51-0b2ae217fa1d/7a1df4df-4686-445f-b1e4-f7d735e9fa33.jpeg?h=225&w=225
Tesco Hot Irish Cheddar Slice 160G,€1.85,,€11.56/kg,https://www.tesco.ie/groceries/en-IE/products/304094889,https://digitalcontent.api.tesco.com/v2/media/ghs/cf189fcc-cee3-4137-b79e-1194999e178c/snapshotimagehandler_1996487001.jpeg?h=225&w=225
Tesco Finest Cave Aged Goat Cheese 200G,€4.49,Any 3 for €10 Clubcard Price - Selected Cheese Products,€22.45/kg,https://www.tesco.ie/groceries/en-IE/products/299770125,https://digitalcontent.api.tesco.com/v2/media/ghs/e6f31954-5277-4806-8d40-3cee89293611/2b44cdde-155e-4f83-8035-a2d173fd2289_797338543.jpeg?h=225&w=225
Tesco Finest Buffalo Mozzarella 240G,€2.99,,€23.92/kg DR.WT,https://www.tesco.ie/groceries/en-IE/products/309494287,https://digitalcontent.api.tesco.com/v2/media/ghs/d952dc3e-4c6f-4be3-99b0-9c4fdf24a6ab/3741dd77-b96c-4754-97df-73a6866e38e3_544051039.jpeg?h=225&w=225
Tesco Parmigiano Reggiano 100G,€1.99,,€19.90/kg,https://www.tesco.ie/groceries/en-IE/products/276889389,https://digitalcontent.api.tesco.com/v2/media/ghs/eefe7a9c-d685-40e2-9a2f-b9271663ca00/febb02c4-4d5a-4f21-81b1-3821f8e851cc.jpeg?h=225&w=225
Leerdammer Light Cheese Slices 160g,€2.75,,€17.19/kg,https://www.tesco.ie/groceries/en-IE/products/273939900,https://digitalcontent.api.tesco.com/v2/media/ghs/c2a84454-13e5-4bbf-a472-d797899a2c0a/da7194cc-01fb-4fa9-8209-5c8ef6432a07_179271463.jpeg?h=225&w=225
Tesco 30% Reduced Fat Extra Mature Cheese 400G,€3.39,,€8.48/kg,https://www.tesco.ie/groceries/en-IE/products/307354029,https://digitalcontent.api.tesco.com/v2/media/ghs/846faa86-9322-484a-aff9-5141a2041303/snapshotimagehandler_945469194.jpeg?h=225&w=225
Creamfields 10 Mild Chedder Slices 200G,€1.65,,€8.25/kg,https://www.tesco.ie/groceries/en-IE/products/312830637,https://digitalcontent.api.tesco.com/v2/media/ghs/af86a2db-0c7a-4a69-ba5b-887a9738fbaa/171681fb-fd69-47c9-a7d4-88de31899aac_1779673424.jpeg?h=225&w=225
Tesco Cheddar Mature White 200G,€2.00,,€10.00/kg,https://www.tesco.ie/groceries/en-IE/products/277065867,https://digitalcontent.api.tesco.com/v2/media/ghs/623b5a0e-58ed-418c-a50e-1910f5b7a218/snapshotimagehandler_1752210472.jpeg?h=225&w=225
Chavroux Goat's Cheese Log 150G,Currently out of stock,,,https://www.tesco.ie/groceries/en-IE/products/260644617,https://digitalcontent.api.tesco.com/v2/media/ghs/d34414b3-268f-4b6d-a279-f59f9a9a68d9/34ba9bd0-5ef4-4d26-a0a9-022cfb82e76f.jpeg?h=225&w=225
Yamas Authentic Greek Feta Pdo 150G,€1.99,,€13.27/kg,https://www.tesco.ie/groceries/en-IE/products/309474478,https://digitalcontent.api.tesco.com/v2/media/ghs/20d14a4b-5ac3-4bff-9b13-79289af1d1c6/9e4ba667-4919-42f4-a19d-d1fd99546ecf_2083672244.jpeg?h=225&w=225
Dairylea Lunchers Chicken & Cheese Snacks 68g,€2.25,Any 3 for €5 Clubcard Price - Selected Cheese Or Fresh Soup Or Meat Or Yogurt & Desserts,€33.09/kg,https://www.tesco.ie/groceries/en-IE/products/314412073,https://digitalcontent.api.tesco.com/v2/media/ghs/3bb65147-717a-4c0b-8d66-9bff91179048/92f4b8fd-2209-4e84-a77a-79a87d5c2a49_308973244.jpeg?h=225&w=225
Tesco Mild Edam Wedge Cheese 310 G,€2.49,,€8.03/kg,https://www.tesco.ie/groceries/en-IE/products/275566531,https://digitalcontent.api.tesco.com/v2/media/ghs/ff945384-8fba-4aed-94ed-1e1ed3d7b045/a84e94a7-ba27-483d-8942-66a567b42d55.jpeg?h=225&w=225
Tesco Reduced Fat Salad Cheese 200G,€1.49,,€7.45/kg,https://www.tesco.ie/groceries/en-IE/products/264252101,https://digitalcontent.api.tesco.com/v2/media/ghs/5ff3a0fc-4727-45c9-af89-40c70acd75d9/e90a2b5e-e58a-4fdc-9881-d66d3de3248a.jpeg?h=225&w=225
Tesco Quark Fat Free Soft Cheese 250G,€2.19,,€8.76/kg,https://www.tesco.ie/groceries/en-IE/products/285173410,https://digitalcontent.api.tesco.com/v2/media/ghs/4e459e58-ee31-4ba5-9bac-ff5fd86f3858/f5168eef-a87c-4b52-8f8d-90367f937b47.jpeg?h=225&w=225
Kerry Easi Singles Mature 20 Slices 340G,€3.69,€2.50 Clubcard Price,€10.85/kg,https://www.tesco.ie/groceries/en-IE/products/313375100,https://digitalcontent.api.tesco.com/v2/media/ghs/fea3d064-1b2f-439a-a30b-8f59f97e6878/6380d280-2995-4ff3-9be1-7a00faf9f019_1700988403.jpeg?h=225&w=225
Tesco Organic Greek Feta Cheese 200 G,€3.79,,€18.95/kg,https://www.tesco.ie/groceries/en-IE/products/260671636,https://digitalcontent.api.tesco.com/v2/media/ghs/7abedf19-3032-468b-a863-a240faa79d66/1a5c3753-4e8f-4411-a266-ae9c0d566574.jpeg?h=225&w=225
Dairylea Filled Cheese Crackers Snacks 5 pack 5x19.3G,€3.00,,€31.12/kg,https://www.tesco.ie/groceries/en-IE/products/309201819,https://digitalcontent.api.tesco.com/v2/media/ghs/fb7381f3-24d8-424e-b361-39fabe26c538/3479b525-6066-439d-9404-4d8e89a7abe6_163870636.jpeg?h=225&w=225
Tesco French Le Roule Garlic & Herb Soft Cheese 150 G,€2.99,,€19.93/kg,https://www.tesco.ie/groceries/en-IE/products/260810486,https://digitalcontent.api.tesco.com/v2/media/ghs/c122679a-733e-4068-a912-a0a2e0e295a3/cb6c8eb6-1782-47e4-aaba-5fbca945cf46.jpeg?h=225&w=225
Kilmeaden Mature Cheddar Cubes 160G,€3.10,Any 3 for €5 Clubcard Price - Selected Cheese Or Fresh Soup Or Meat Or Yogurt & Desserts,€19.38/kg,https://www.tesco.ie/groceries/en-IE/products/305961229,https://digitalcontent.api.tesco.com/v2/media/ghs/dd8ad2c5-06f8-44ca-a570-86678c8babf8/41ce03f2-ea8c-4ad1-9664-62f45e929a5d_1584277060.jpeg?h=225&w=225
Wicklow Cheddar Nettle & Chive From Cheese 150G,€4.00,Any 3 for €10 Clubcard Price - Selected Cheese Products,€26.67/kg,https://www.tesco.ie/groceries/en-IE/products/268564434,https://digitalcontent.api.tesco.com/v2/media/ghs/6c12d239-62d5-4a4d-9d00-85739620850c/snapshotimagehandler_877555398.jpeg?h=225&w=225
Dairylea Strip Cheese 8 Pack 168G,€3.50,,€20.83/kg,https://www.tesco.ie/groceries/en-IE/products/256245767,https://digitalcontent.api.tesco.com/v2/media/ghs/ac227d83-8c65-458d-990f-4be6c93de7af/31b6bb49-2073-4b73-81f2-f7fe8ad0bc1e.jpeg?h=225&w=225
Calvita Cheese Block 200G,€2.65,,€13.25/kg,https://www.tesco.ie/groceries/en-IE/products/280567413,https://digitalcontent.api.tesco.com/v2/media/ghs/d24df28e-e7e2-4b30-afbf-45e13132dccc/snapshotimagehandler_596900779.jpeg?h=225&w=225
Dubliner Orignal White Block 200G,€3.75,,€18.75/kg,https://www.tesco.ie/groceries/en-IE/products/287808314,https://digitalcontent.api.tesco.com/v2/media/ghs-mktg/b0b04216-fa73-466d-a9d7-c9fcfa1ce9b3/no-image.jpeg
Dairylea Snackers Cheese & Crackers & Buttons 64.2G,€2.25,Any 3 for €5 Clubcard Price - Selected Cheese Or Fresh Soup Or Meat Or Yogurt & Desserts,€35.05/kg,https://www.tesco.ie/groceries/en-IE/products/308833614,https://digitalcontent.api.tesco.com/v2/media/ghs/937235a8-27db-4d51-9bac-29b28cfc067f/2449a4dd-d715-4f0c-a04c-8a1f643dcb91_79954218.jpeg?h=225&w=225
Wicklow Baun Farmhouse Cheese 150G,€4.00,Any 3 for €10 Clubcard Price - Selected Cheese Products,€26.67/kg,https://www.tesco.ie/groceries/en-IE/products/268584047,https://digitalcontent.api.tesco.com/v2/media/ghs/21e93048-fc4a-4529-8579-031339cb5083/snapshotimagehandler_922907475.jpeg?h=225&w=225
Tesco Mozzarella Pearls 210G,€1.99,,€15.92/kg DR.WT,https://www.tesco.ie/groceries/en-IE/products/255169542,https://digitalcontent.api.tesco.com/v2/media/ghs/f66d764a-f53b-4b99-953d-df29be603876/3287b826-e6d5-4f90-8c5c-13ccce155360.jpeg?h=225&w=225
Philadelphia Sweet Chilli Soft Cream Cheese 165G,€2.65,Any 3 for €5 Clubcard Price - Selected Cheese Or Fresh Soup Or Meat Or Yogurt & Desserts,€16.06/kg,https://www.tesco.ie/groceries/en-IE/products/311787946,https://digitalcontent.api.tesco.com/v2/media/ghs/0800d62f-0556-4119-9609-1598547268ae/6ab179e6-0e1c-440f-a495-dc32f933c6ae_1675452167.jpeg?h=225&w=225
Tesco Finest Barrel Aged Feta 310G,€3.49,Any 3 for €10 Clubcard Price - Selected Cheese Products,€11.26/kg,https://www.tesco.ie/groceries/en-IE/products/279819514,https://digitalcontent.api.tesco.com/v2/media/ghs/3be9d37d-4fb3-4f23-8347-9b761d0066d5/d6815275-d6a6-4ff9-898a-ed06b30a3512.jpeg?h=225&w=225
Charleville Lighter Medium White Slices 160G,€3.50,€2.50 Clubcard Price,€21.88/kg,https://www.tesco.ie/groceries/en-IE/products/305980023,https://digitalcontent.api.tesco.com/v2/media/ghs/e59fc1bc-3f53-4540-bd69-d6a38676c1ff/5f211c7d-1270-4c18-a0c0-b930df761774_867926783.jpeg?h=225&w=225
Tesco Finest Vintage Gouda Cheese 200 G,€3.35,Any 3 for €10 Clubcard Price - Selected Cheese Products,€16.75/kg,https://www.tesco.ie/groceries/en-IE/products/279835057,https://digitalcontent.api.tesco.com/v2/media/ghs/c2907880-df77-4c33-91f9-5461eb45eca9/ab9cb9a4-d24e-45cd-a4fa-935188600c1b.jpeg?h=225&w=225
Carrigaline Farmhouse Smoked Cheese 150G,€4.00,Any 3 for €10 Clubcard Price - Selected Cheese Products,€26.67/kg,https://www.tesco.ie/groceries/en-IE/products/272322554,https://digitalcontent.api.tesco.com/v2/media/ghs/4a11a8d6-6200-49d4-b7d5-3338be755110/snapshotimagehandler_428043212.jpeg?h=225&w=225
Charleville Edam Cheese Slices 160G,€3.50,,€21.88/kg,https://www.tesco.ie/groceries/en-IE/products/277689935,https://digitalcontent.api.tesco.com/v2/media/ghs/48c03ec3-cb2e-4db2-8cc7-27c4cdf33bb4/358918a7-3ddc-4505-8659-392267270472_2043647638.jpeg?h=225&w=225
Charleville Deliciously Spread Select,€2.29,,€18.32/kg,https://www.tesco.ie/groceries/en-IE/products/268876290,https://digitalcontent.api.tesco.com/v2/media/ghs/1b673b9f-b12d-492d-a34b-979438e9d61c/1f634048-eba3-424d-b202-179d340129ed_1031795744.jpeg?h=225&w=225
Low Low Medium Red Grated Cheese 180G,€3.50,€2.50 Clubcard Price,€19.44/kg,https://www.tesco.ie/groceries/en-IE/products/313176474,https://digitalcontent.api.tesco.com/v2/media/ghs/6c627ad3-09bb-4b82-9704-038d2bad59c3/f86e3a1a-29df-498c-bf3b-77cbaf0d347d_599222792.jpeg?h=225&w=225
Alpenhain Mozzar Sticks 200G,€2.99,,€14.95/kg,https://www.tesco.ie/groceries/en-IE/products/289167665,https://digitalcontent.api.tesco.com/v2/media/ghs/f82597fa-f6ec-4d9b-a2d7-3511182e4708/snapshotimagehandler_1069481913.jpeg?h=225&w=225
Cambozola Mini Rounds 150G,€2.99,,€19.93/kg,https://www.tesco.ie/groceries/en-IE/products/260755987,https://digitalcontent.api.tesco.com/v2/media/ghs/a6a4945b-de71-4a61-8537-5f86a8d35aa9/snapshotimagehandler_666852722.jpeg?h=225&w=225
Wicklow Cheddar Tomato And Herb From Cheese 150G,€4.00,Any 3 for €10 Clubcard Price - Selected Cheese Products,€26.67/kg,https://www.tesco.ie/groceries/en-IE/products/268564457,https://digitalcontent.api.tesco.com/v2/media/ghs/44cb9be4-9c37-4ab4-82e8-566ae7815ed0/snapshotimagehandler_2103301491.jpeg?h=225&w=225
Philadelphia Salmon Soft Cream Cheese 165G,€2.65,Any 3 for €5 Clubcard Price - Selected Cheese Or Fresh Soup Or Meat Or Yogurt & Desserts,€16.06/kg,https://www.tesco.ie/groceries/en-IE/products/311674095,https://digitalcontent.api.tesco.com/v2/media/ghs/5f9aeefe-f4ba-41dd-b234-99650fa4adca/c83f11cf-bb05-4044-ae65-642401768c25_1552299241.jpeg?h=225&w=225
Galtee Cheese Singles 10S 170G,€1.50,,€8.82/kg,https://www.tesco.ie/groceries/en-IE/products/255852637,https://digitalcontent.api.tesco.com/v2/media/ghs/eb23dd51-3b5f-4b33-b8e5-656148610041/8e7a58ad-d05c-4b59-92fd-0521055f2389.jpeg?h=225&w=225
Dairylea Cheese Spread Triangles 8 pack 8x15.6G,€2.55,,€20.40/kg,https://www.tesco.ie/groceries/en-IE/products/285140426,https://digitalcontent.api.tesco.com/v2/media/ghs/9d29c92d-ee80-4ee7-a8d1-36d346cfaf55/cb1bd7f1-435d-4b28-8a84-62b35a56f856.jpeg?h=225&w=225
Philadelphia Garlic & Herbs Soft Cream Cheese 280G,€4.00,,€14.29/kg,https://www.tesco.ie/groceries/en-IE/products/311795585,https://digitalcontent.api.tesco.com/v2/media/ghs/d675fa8a-0c8b-4455-8985-583a423522d3/bc6530f1-e41f-421d-af65-ee48bed7f7f1_931566998.jpeg?h=225&w=225
Yamas Authentic Cypriot Halloumi Cheese 250G,€3.99,,€15.96/kg,https://www.tesco.ie/groceries/en-IE/products/306820454,https://digitalcontent.api.tesco.com/v2/media/ghs/cf5f82c0-72b2-40d1-acf5-6ef6f4dbca77/1c953096-d12d-4e3d-85e8-8adccefa1ba4_1464506959.jpeg?h=225&w=225
Babybel Mini Mixed Pack 9 X 20G,€3.75,,€20.83/kg,https://www.tesco.ie/groceries/en-IE/products/306498604,https://digitalcontent.api.tesco.com/v2/media/ghs/158a84eb-901b-47d2-994d-9fde60fb09b4/8b418a68-65e2-40d2-a4a1-3949cd0db3c5_623246089.jpeg?h=225&w=225
Castelli Mascarpone 250G,€3.19,,€12.76/kg,https://www.tesco.ie/groceries/en-IE/products/250817360,https://digitalcontent.api.tesco.com/v2/media/ghs/f004d466-5aad-40a9-9849-1a6546dacd20/2dd41dd6-b7f7-4830-aff1-b8be38fe054f_915133081.jpeg?h=225&w=225
Creamfields Mild Red Cheddar 200G,€1.49,,€7.45/kg,https://www.tesco.ie/groceries/en-IE/products/313166477,https://digitalcontent.api.tesco.com/v2/media/ghs/38df1bde-5328-4d69-8b08-0a3e4d462a4d/7b48bf29-0f73-4b44-ad8a-90f4bc44df43_1934040917.jpeg?h=225&w=225
Laughing Cow Light Blue Cheese Triangles 128 G,€2.65,€2.00 Clubcard Price,€20.70/kg,https://www.tesco.ie/groceries/en-IE/products/274438466,https://digitalcontent.api.tesco.com/v2/media/ghs/97ff525a-5ff0-4eec-9807-be1ac3df667f/85f22096-463b-4dd8-bb76-03bab92c3c41.jpeg?h=225&w=225
Dairylea Cheese Spread 145G,€2.55,,€17.59/kg,https://www.tesco.ie/groceries/en-IE/products/299001985,https://digitalcontent.api.tesco.com/v2/media/ghs/5dabb896-1763-4df6-b7d4-3ba1de3025e4/4b369136-ff76-4706-adaa-34f7859a8023_75101955.jpeg?h=225&w=225
Francia Buffalo Mozzarella Di Bufala Campana 250G,€2.79,,€22.32/kg DR.WT,https://www.tesco.ie/groceries/en-IE/products/311438491,https://digitalcontent.api.tesco.com/v2/media/ghs/da636591-22f1-4936-9254-e4a3f0573fc4/24f56e83-6b5e-4165-8d1a-a12aafacd6d8_720519634.jpeg?h=225&w=225
Dairylea Cheese Slices 8 pack 8x20.5G,€2.55,,€15.55/kg,https://www.tesco.ie/groceries/en-IE/products/312580707,https://digitalcontent.api.tesco.com/v2/media/ghs/5a971566-e92a-4a08-a086-385c15a05dbc/435cfa68-4c30-48bf-b405-cedfe4943b83_381253079.jpeg?h=225&w=225
Glenstal Vintage Irish Cheddar 250G,€4.00,Any 3 for €10 Clubcard Price - Selected Cheese Products,€16.00/kg,https://www.tesco.ie/groceries/en-IE/products/313186312,https://digitalcontent.api.tesco.com/v2/media/ghs/4b0decea-91f4-4d2a-a7e0-da84cf92e5c8/af26fbad-d591-431c-b6e0-089d49be3db9_902843927.jpeg?h=225&w=225
Tesco Finest Ossau Iraty Cheese 180 G,€4.49,Any 3 for €10 Clubcard Price - Selected Cheese Products,€24.94/kg,https://www.tesco.ie/groceries/en-IE/products/257372401,https://digitalcontent.api.tesco.com/v2/media/ghs/3ba4f039-1b21-451f-a87f-2447fa678863/47992532-4f0e-4fd8-9a14-ee8087613f15.jpeg?h=225&w=225
Charleville Select White Grated Cheddar 180G,€3.50,,€19.44/kg,https://www.tesco.ie/groceries/en-IE/products/313369047,https://digitalcontent.api.tesco.com/v2/media/ghs/54c40c3d-001f-4bca-b083-67f1e9c49dab/bae11471-e358-4588-8b3f-173ad6860eaf_1171858570.jpeg?h=225&w=225
Low Low Reduced Fat Medium White Grated Cheese 180G,€3.50,€2.50 Clubcard Price,€19.44/kg,https://www.tesco.ie/groceries/en-IE/products/312985071,https://digitalcontent.api.tesco.com/v2/media/ghs/8fd25582-3cbb-4b37-a39a-de8e01e93dc4/33623b6e-0c31-4edc-855d-f477fd46e101_766814951.jpeg?h=225&w=225
Tesco Finest Vintage Red Leicester Bite Cheese 200G,€4.00,Any 3 for €10 Clubcard Price - Selected Cheese Products,€20.00/kg,https://www.tesco.ie/groceries/en-IE/products/299770160,https://digitalcontent.api.tesco.com/v2/media/ghs/b1f3c202-5975-41b6-a357-924b00a9265d/8cd30bc9-0f5c-41c8-b845-9e043fbba5c3_764055564.jpeg?h=225&w=225
Dubliner Light White Slices 180G,€3.90,,€21.67/kg,https://www.tesco.ie/groceries/en-IE/products/263543323,https://digitalcontent.api.tesco.com/v2/media/ghs/b169ab43-47c6-4442-802e-d8ed8fe1b981/65d06bff-c541-472a-b6d9-350d7c5bb8d9_1473454194.jpeg?h=225&w=225
D/Lea Snackers Cheese And Crackers Mini Fingers 67.5G,€2.25,Any 3 for €5 Clubcard Price - Selected Cheese Or Fresh Soup Or Meat Or Yogurt & Desserts,€33.33/kg,https://www.tesco.ie/groceries/en-IE/products/309183799,https://digitalcontent.api.tesco.com/v2/media/ghs/dd8bea21-789b-4b22-bce5-7ffdf1efeded/f74e8214-4f7c-4fd2-a031-e645b663d1fe_845980215.jpeg?h=225&w=225
Tesco Finest Camembert D'isigny 250G,€3.99,Any 3 for €10 Clubcard Price - Selected Cheese Products,€15.96/kg,https://www.tesco.ie/groceries/en-IE/products/254490415,https://digitalcontent.api.tesco.com/v2/media/ghs/156c3927-c952-4852-8fc3-7aea986e350a/596f6125-322c-4085-8016-c4637b4ce8a4.jpeg?h=225&w=225
Dubliner Cheese Red 200G,€3.75,,€18.75/kg,https://www.tesco.ie/groceries/en-IE/products/287808406,https://digitalcontent.api.tesco.com/v2/media/ghs-mktg/b0b04216-fa73-466d-a9d7-c9fcfa1ce9b3/no-image.jpeg
Creamfields Mild Cheddar 200G,€1.49,,€7.45/kg,https://www.tesco.ie/groceries/en-IE/products/312852087,https://digitalcontent.api.tesco.com/v2/media/ghs/ed0b3b8e-9f9c-43cd-aade-b7b26bffc49c/8dcf922e-608d-4b1c-8b2a-1eb2d244da1f_344033473.jpeg?h=225&w=225
Sol Smoked Slices 160G,€2.00,,€12.50/kg,https://www.tesco.ie/groceries/en-IE/products/287168258,https://digitalcontent.api.tesco.com/v2/media/ghs/1c817e50-b1ba-480b-88d0-c6c46372d242/606b0a4e-f9b6-4847-b1b3-3c9760432e46_1605740799.jpeg?h=225&w=225
Carrigaline Farm House Garlic And Herb 150G,€4.00,Any 3 for €10 Clubcard Price - Selected Cheese Products,€26.67/kg,https://www.tesco.ie/groceries/en-IE/products/268559366,https://digitalcontent.api.tesco.com/v2/media/ghs/274aea6c-5722-4b85-b446-54ad0e45eb35/snapshotimagehandler_2074610691.jpeg?h=225&w=225
"Boursin Garlic & Herb Cheese 6 Pack, 96 G",€3.20,,€33.33/kg,https://www.tesco.ie/groceries/en-IE/products/255375931,https://digitalcontent.api.tesco.com/v2/media/ghs/799cc3ba-afc0-483c-b3cc-2c7b6bf34e12/f72c5376-4fe4-4e3e-bdb5-a20c478d92ae.jpeg?h=225&w=225
Kilmeaden Mature Red Cheddar 350G,€5.99,,€17.11/kg,https://www.tesco.ie/groceries/en-IE/products/313754406,https://digitalcontent.api.tesco.com/v2/media/ghs/49a09527-0d0f-49aa-a00a-67bf95ba6cb0/458995cb-43c7-4bb6-b1ac-a5e8dfbfe210_2080711359.jpeg?h=225&w=225
Tesco Finest Extra Mature Double Gloucester Cheese 200G,€4.00,Any 3 for €10 Clubcard Price - Selected Cheese Products,€20.00/kg,https://www.tesco.ie/groceries/en-IE/products/299770183,https://digitalcontent.api.tesco.com/v2/media/ghs/5f93179d-7579-49e8-b752-01e99fb89143/b82dc48e-d65e-4f7c-a863-a57a13e85d31_1747155386.jpeg?h=225&w=225
Tesco Finest Langres Soft Cheese 180 G,€3.99,Any 3 for €10 Clubcard Price - Selected Cheese Products,€22.17/kg,https://www.tesco.ie/groceries/en-IE/products/268957943,https://digitalcontent.api.tesco.com/v2/media/ghs/26fa7d02-34a9-40ed-b848-11d13c13e88f/323c59b4-68fb-4d0e-bf5f-128cccdc9c36.jpeg?h=225&w=225
Dubliner Lighter White Block 200G,€3.75,,€18.75/kg,https://www.tesco.ie/groceries/en-IE/products/287809221,https://digitalcontent.api.tesco.com/v2/media/ghs-mktg/b0b04216-fa73-466d-a9d7-c9fcfa1ce9b3/no-image.jpeg
Glenstal Vintage Irish Cheddar 250G,€4.00,Any 3 for €10 Clubcard Price - Selected Cheese Products,€16.00/kg,https://www.tesco.ie/groceries/en-IE/products/313175112,https://digitalcontent.api.tesco.com/v2/media/ghs/57245e24-907f-4b56-8549-392e0ede5e80/7f1e64c1-92b0-42a9-8454-9f365a29c424_1540400059.jpeg?h=225&w=225
Low Low Cheese Red Block 200G,€3.50,€2.50 Clubcard Price,€17.50/kg,https://www.tesco.ie/groceries/en-IE/products/283393763,https://digitalcontent.api.tesco.com/v2/media/ghs-mktg/b0b04216-fa73-466d-a9d7-c9fcfa1ce9b3/no-image.jpeg
Dubliner Lighter Red Slcies180g,€3.90,,€21.67/kg,https://www.tesco.ie/groceries/en-IE/products/287809359,https://digitalcontent.api.tesco.com/v2/media/ghs-mktg/b0b04216-fa73-466d-a9d7-c9fcfa1ce9b3/no-image.jpeg
Old Irish Crmey Cheese Cheddar With Chilli 150G,€4.00,Any 3 for €10 Clubcard Price - Selected Cheese Products,€26.67/kg,https://www.tesco.ie/groceries/en-IE/products/312985474,https://digitalcontent.api.tesco.com/v2/media/ghs-mktg/b0b04216-fa73-466d-a9d7-c9fcfa1ce9b3/no-image.jpeg
Old Irish Crmey Chedder Cheese With Cranberries 150G,€4.00,Any 3 for €10 Clubcard Price - Selected Cheese Products,€26.67/kg,https://www.tesco.ie/groceries/en-IE/products/312853227,https://digitalcontent.api.tesco.com/v2/media/ghs-mktg/b0b04216-fa73-466d-a9d7-c9fcfa1ce9b3/no-image.jpeg
Old Irish Crmey Cheese Oak Smoked Cheddar 150G,€4.00,Any 3 for €10 Clubcard Price - Selected Cheese Products,€26.67/kg,https://www.tesco.ie/groceries/en-IE/products/311953502,https://digitalcontent.api.tesco.com/v2/media/ghs-mktg/b0b04216-fa73-466d-a9d7-c9fcfa1ce9b3/no-image.jpeg
Wicklow Blue Brie 150G,€3.79,,€25.27/kg,https://www.tesco.ie/groceries/en-IE/products/260727140,https://digitalcontent.api.tesco.com/v2/media/ghs/2487d0b1-8357-4bf3-ada4-2d201705ec2d/snapshotimagehandler_1013926592.jpeg?h=225&w=225
Tesco Salad Cheese 200G .,€1.49,,€7.45/kg,https://www.tesco.ie/groceries/en-IE/products/296457473,https://digitalcontent.api.tesco.com/v2/media/ghs/db3c4ac1-c273-41bd-99a8-8ecaf35959bc/83c41430-59a1-4a25-9626-815e76356dfd.jpeg?h=225&w=225
Carrigaline Farm House Natural Cheese 150G,€4.00,Any 3 for €10 Clubcard Price - Selected Cheese Products,€26.67/kg,https://www.tesco.ie/groceries/en-IE/products/268559268,https://digitalcontent.api.tesco.com/v2/media/ghs/ebee1afb-a4e4-47fd-a9a4-40a1a32e57ae/snapshotimagehandler_1437077402.jpeg?h=225&w=225
Dubliner Lighter Red Block200g,€3.75,,€18.75/kg,https://www.tesco.ie/groceries/en-IE/products/287809313,https://digitalcontent.api.tesco.com/v2/media/ghs-mktg/b0b04216-fa73-466d-a9d7-c9fcfa1ce9b3/no-image.jpeg
Bo Rua Farm Original Irish Farm Chedder 125G,€4.00,Any 3 for €10 Clubcard Price - Selected Cheese Products,€32.00/kg,https://www.tesco.ie/groceries/en-IE/products/306652042,https://digitalcontent.api.tesco.com/v2/media/ghs/a2eec6b1-0062-4d2f-a079-0b94fe8a9784/f11768ba-619c-44ea-857b-69d6727c1517_1837973689.jpeg?h=225&w=225
Tesco Finest Vintage Coastal Bite Cheese 200G,€4.00,Any 3 for €10 Clubcard Price - Selected Cheese Products,€20.00/kg,https://www.tesco.ie/groceries/en-IE/products/299770148,https://digitalcontent.api.tesco.com/v2/media/ghs/280bb1ae-a955-4921-9e49-d054a6796dc3/1fc3d8d4-5ed8-488c-bc31-25c03b353b62_234007857.jpeg?h=225&w=225
Dunbarra Garlic+ Dill Soft Cheese 180G,€4.00,Any 3 for €10 Clubcard Price - Selected Cheese Products,€22.22/kg,https://www.tesco.ie/groceries/en-IE/products/250355168,https://digitalcontent.api.tesco.com/v2/media/ghs/3bc862e9-421f-4763-907b-81e621e351fd/snapshotimagehandler_577600096.jpeg?h=225&w=225
Tesco Finest St. Felicien Cheese 180 G,€3.99,Any 3 for €10 Clubcard Price - Selected Cheese Products,€22.17/kg,https://www.tesco.ie/groceries/en-IE/products/285097707,https://digitalcontent.api.tesco.com/v2/media/ghs/dfe5a95c-28cf-490a-8795-a7b829108f06/f5f57f62-3cf0-4d74-98d1-6740c56c33a7.jpeg?h=225&w=225
Mature Sliced Irish Coloured Cheddar 180G,€3.19,,€17.72/kg,https://www.tesco.ie/groceries/en-IE/products/282796109,https://digitalcontent.api.tesco.com/v2/media/ghs/358d3fe6-5cce-4b76-be19-f28c0439dd5d/734f6b14-d33a-49fe-9188-7f6525f33d75_1732408678.jpeg?h=225&w=225
Auricchio Sliced Provolone Piccante 100G,€2.15,,€21.50/kg,https://www.tesco.ie/groceries/en-IE/products/310157381,https://digitalcontent.api.tesco.com/v2/media/ghs/d6c0851b-9929-4342-8b5b-28f30bb41192/5fa6f1c4-69d2-4502-ba81-00a1b645872d_1983254322.jpeg?h=225&w=225
Tesco Finest Aop Epoisses Cheese 125 G,€3.49,Any 3 for €10 Clubcard Price - Selected Cheese Products,€27.92/kg,https://www.tesco.ie/groceries/en-IE/products/278504353,https://digitalcontent.api.tesco.com/v2/media/ghs/6770f2a2-3cb2-41f7-9692-34821cacf197/18d58078-a460-4823-ba2c-11cefa2c33e9.jpeg?h=225&w=225
Kilmeaden Mature White Cheddar Block 350G,€5.99,,€17.11/kg,https://www.tesco.ie/groceries/en-IE/products/313522249,https://digitalcontent.api.tesco.com/v2/media/ghs/0cc9746c-ff11-474f-b799-956f0c74bbcd/c437b7a6-eaf3-4b18-94e9-8a23e0b083d5_57988623.jpeg?h=225&w=225
St Killian Farmhouse Cheese 150G,€3.70,Any 3 for €10 Clubcard Price - Selected Cheese Products,€24.67/kg,https://www.tesco.ie/groceries/en-IE/products/268564096,https://digitalcontent.api.tesco.com/v2/media/ghs/7590350b-1bce-46c1-a1cc-b08f2484dcc8/snapshotimagehandler_1906476961.jpeg?h=225&w=225
Glenstal Christmas Selection 380G,€10.00,,€26.32/kg,https://www.tesco.ie/groceries/en-IE/products/281474400,https://digitalcontent.api.tesco.com/v2/media/ghs/8a649fb4-0138-46d7-a69a-ddcd685d32d8/snapshotimagehandler_429522656.jpeg?h=225&w=225
Old Irish Creamery Garlic And Herb Chedder 150G,€4.00,Any 3 for €10 Clubcard Price - Selected Cheese Products,€26.67/kg,https://www.tesco.ie/groceries/en-IE/products/312718072,https://digitalcontent.api.tesco.com/v2/media/ghs-mktg/b0b04216-fa73-466d-a9d7-c9fcfa1ce9b3/no-image.jpeg
Old Irish Crmey Cheese Chedder With Sriracha 150G,€4.00,Any 3 for €10 Clubcard Price - Selected Cheese Products,€26.67/kg,https://www.tesco.ie/groceries/en-IE/products/312709327,https://digitalcontent.api.tesco.com/v2/media/ghs-mktg/b0b04216-fa73-466d-a9d7-c9fcfa1ce9b3/no-image.jpeg
Old Irish Creamery Cheddar And Chive 150G,€4.00,Any 3 for €10 Clubcard Price - Selected Cheese Products,€26.67/kg,https://www.tesco.ie/groceries/en-IE/products/312717015,https://digitalcontent.api.tesco.com/v2/media/ghs-mktg/b0b04216-fa73-466d-a9d7-c9fcfa1ce9b3/no-image.jpeg
Old Irish Crmey Cheese Chedder With Whiskey 150G,€4.00,Any 3 for €10 Clubcard Price - Selected Cheese Products,€26.67/kg,https://www.tesco.ie/groceries/en-IE/products/312584165,https://digitalcontent.api.tesco.com/v2/media/ghs-mktg/b0b04216-fa73-466d-a9d7-c9fcfa1ce9b3/no-image.jpeg
Tesco Blue Stilton Cheese 454 G,€5.00,,€11.01/kg,https://www.tesco.ie/groceries/en-IE/products/290050266,https://digitalcontent.api.tesco.com/v2/media/ghs/b4a43ee9-fa71-4b34-ad03-a212ee1d2fd9/8f82882e-2ebf-4875-b56b-1e94e092f46b_705181285.jpeg?h=225&w=225
Glenstal Lighter Irish Cheese 250G,€4.00,Any 3 for €10 Clubcard Price - Selected Cheese Products,€16.00/kg,https://www.tesco.ie/groceries/en-IE/products/313161353,https://digitalcontent.api.tesco.com/v2/media/ghs/abf80050-6fc3-49d9-b3bc-464842bb86e8/b66d5d97-4d86-425d-8202-abc88a7654fe_540948087.jpeg?h=225&w=225
Tesco Reduced Fat Mozzarella 240G,Currently out of stock,,,https://www.tesco.ie/groceries/en-IE/products/254550063,https://digitalcontent.api.tesco.com/v2/media/ghs/35f2035c-6644-4e75-b36f-7766cf96e9a1/f627d748-a312-4501-833b-908947137040.jpeg?h=225&w=225
Kilmeaden Irish Cheddar Snack Bar 20G,€0.80,,€40.00/kg,https://www.tesco.ie/groceries/en-IE/products/305964193,https://digitalcontent.api.tesco.com/v2/media/ghs/85f42095-8cb6-4333-a7d2-0fcbfa685bc4/snapshotimagehandler_1853544245.jpeg?h=225&w=225
Glenstal Irish Lighter Cheese 250G,€4.00,Any 3 for €10 Clubcard Price - Selected Cheese Products,€16.00/kg,https://www.tesco.ie/groceries/en-IE/products/313525937,https://digitalcontent.api.tesco.com/v2/media/ghs/e78f98b1-45a7-45c5-b530-97c375cb8f15/37c9737e-6db6-47b6-bf31-fa93c6d377f5_1461251645.jpeg?h=225&w=225
F.Lli Rossi Parmgno Reggiano Dop 150G,€4.29,,€28.60/kg,https://www.tesco.ie/groceries/en-IE/products/310134080,https://digitalcontent.api.tesco.com/v2/media/ghs/bc62c990-2bef-4b25-8a01-db7ff1a28e80/517a102d-995c-4c54-bc09-8cdcd966b6b9_2042931609.jpeg?h=225&w=225
Baking Cooleen In Ceramic Dis 200G,€4.49,,€22.45/kg,https://www.tesco.ie/groceries/en-IE/products/281446958,https://digitalcontent.api.tesco.com/v2/media/ghs-mktg/b0b04216-fa73-466d-a9d7-c9fcfa1ce9b3/no-image.jpeg
Old Irish Crmey Cheese Cheddar With Porter 150G,€4.00,Any 3 for €10 Clubcard Price - Selected Cheese Products,€26.67/kg,https://www.tesco.ie/groceries/en-IE/products/312699830,https://digitalcontent.api.tesco.com/v2/media/ghs-mktg/b0b04216-fa73-466d-a9d7-c9fcfa1ce9b3/no-image.jpeg
F.Lli Rossi Grana Padano 150G,€3.79,,€25.27/kg,https://www.tesco.ie/groceries/en-IE/products/310160290,https://digitalcontent.api.tesco.com/v2/media/ghs/48edd373-4820-4a8c-a754-a9bf5ee576d1/e0276e10-24dd-41f2-b46f-f65d86359753_1567788002.jpeg?h=225&w=225
Milleens Irish Farmhouse Smoked Washed Rind 200G,€4.00,Any 3 for €10 Clubcard Price - Selected Cheese Products,€20.00/kg,https://www.tesco.ie/groceries/en-IE/products/301965388,https://digitalcontent.api.tesco.com/v2/media/ghs/b5f2ad2a-2851-4f4d-b91c-fd85ff59d45c/snapshotimagehandler_1781531426.jpeg?h=225&w=225
Old Irish Crmey Cheese Sage Cheddar 150G,€4.00,Any 3 for €10 Clubcard Price - Selected Cheese Products,€26.67/kg,https://www.tesco.ie/groceries/en-IE/products/312854217,https://digitalcontent.api.tesco.com/v2/media/ghs-mktg/b0b04216-fa73-466d-a9d7-c9fcfa1ce9b3/no-image.jpeg
Argiolas Grated Pecorino Romano Dop 80G,€2.39,,€29.88/kg,https://www.tesco.ie/groceries/en-IE/products/310112797,https://digitalcontent.api.tesco.com/v2/media/ghs/4f5bf5d3-fe5c-4696-91c1-552fcd73b2fe/f1ce7f94-2b46-46be-be51-9746c1e9b76b_279756901.jpeg?h=225&w=225
