Title,Price,Promotional Price,Price Per,Product URL,Image URL
Tesco Mild Red Cheddar 400G,€2.27,,€5.68/kg,https://www.tesco.ie/groceries/en-IE/products/300736039,https://digitalcontent.api.tesco.com/v2/media/ghs/766df8f2-d32d-408b-b812-a14464ae2bc6/9082507a-b600-4f5d-856c-0fd2d3e2e4ee_75579824.jpeg?h=225&w=225
Kilmeaden Mature Red 200G Fw,€2.99,Any 3 for €5 Clubcard Price - Selected Cheese Or Fresh Soup Or Meat Or Yogurt & Desserts,€14.95/kg,https://www.tesco.ie/groceries/en-IE/products/268828181,https://digitalcontent.api.tesco.com/v2/media/ghs/9f3b0dd3-55a3-47b1-80ef-1a881f5b1489/snapshotimagehandler_633867728.jpeg?h=225&w=225
Tesco Mature Irish Red Cheddar 400G,€2.89,,€7.22/kg,https://www.tesco.ie/groceries/en-IE/products/300742705,https://digitalcontent.api.tesco.com/v2/media/ghs/69c54e6d-5fd1-4281-9522-2702d2539082/ac32f0b2-8176-4a42-9abe-ebd553af7658_297795118.jpeg?h=225&w=225
Tesco Mild White Cheddar 400G,€2.27,,€5.68/kg,https://www.tesco.ie/groceries/en-IE/products/300736431,https://digitalcontent.api.tesco.com/v2/media/ghs/de75c764-611c-4d82-98a2-f7fb20329877/5616f40e-4687-455d-85d8-96e9226aa284_1206385187.jpeg?h=225&w=225
Charleville Select Red Cheddar 200 G,€3.50,,€17.50/kg,https://www.tesco.ie/groceries/en-IE/products/250841353,https://digitalcontent.api.tesco.com/v2/media/ghs/255dac42-2155-4ae5-82b3-6ff48f8cbcad/bb5723bf-bcfb-4666-9932-00764ea28e7e_1778961167.jpeg?h=225&w=225
Tesco Medium Irish White Cheddar 400G,€2.75,,€6.88/kg,https://www.tesco.ie/groceries/en-IE/products/285925679,https://digitalcontent.api.tesco.com/v2/media/ghs/1e83f1a4-4041-4342-ba13-66642ff0e648/dc5e8edd-e126-43d4-9102-f9f5675a02c0_150483320.jpeg?h=225&w=225
Kilmeadan Fully Mature White 200G,€3.50,Any 3 for €5 Clubcard Price - Selected Cheese Or Fresh Soup Or Meat Or Yogurt & Desserts,€17.50/kg,https://www.tesco.ie/groceries/en-IE/products/268828215,https://digitalcontent.api.tesco.com/v2/media/ghs/8ee94381-4a13-4fef-87b1-d01c1bc4a34a/snapshotimagehandler_1672027449.jpeg?h=225&w=225
Tesco Mature Irish White Cheddar 400G,€2.89,,€7.22/kg,https://www.tesco.ie/groceries/en-IE/products/300742930,https://digitalcontent.api.tesco.com/v2/media/ghs/4e014360-86a3-4901-902d-14906895632e/snapshotimagehandler_1124712677.jpeg?h=225&w=225
Tesco Extra Mature Irish White Cheddar 400G,€3.39,,€8.48/kg,https://www.tesco.ie/groceries/en-IE/products/300736539,https://digitalcontent.api.tesco.com/v2/media/ghs/552cb5b5-5660-4630-978b-4e9fc02d8ffd/snapshotimagehandler_545234458.jpeg?h=225&w=225
Tesco Medium Irish Red Cheddar 400G,€2.75,,€6.88/kg,https://www.tesco.ie/groceries/en-IE/products/285925443,https://digitalcontent.api.tesco.com/v2/media/ghs/5fdc1e03-385b-439a-9747-ad3236bc726c/snapshotimagehandler_1735419925.jpeg?h=225&w=225
Tesco Vintage Irish White Cheddar 400G,€3.59,,€8.98/kg,https://www.tesco.ie/groceries/en-IE/products/285925642,https://digitalcontent.api.tesco.com/v2/media/ghs/2c85dd7a-e391-4c2f-9412-de83f90e618e/8aebea6b-9462-4d21-82db-a1c3a0afa9b4_810423442.jpeg?h=225&w=225
Kilmeadan Mature White 200G,€2.99,Any 3 for €5 Clubcard Price - Selected Cheese Or Fresh Soup Or Meat Or Yogurt & Desserts,€14.95/kg,https://www.tesco.ie/groceries/en-IE/products/268828209,https://digitalcontent.api.tesco.com/v2/media/ghs/7f91c5b1-dd4e-45ab-97e5-e7d1bda27f9e/snapshotimagehandler_1094588655.jpeg?h=225&w=225
Creamfields 10 Mild Red Chedder Slices 200G,€1.65,,€8.25/kg,https://www.tesco.ie/groceries/en-IE/products/313010924,https://digitalcontent.api.tesco.com/v2/media/ghs/c325abd6-1414-448c-988a-b8093a4a278b/3d2698b7-aeeb-4d28-bad8-da8160e3f249_1471665367.jpeg?h=225&w=225
Wexford Strong & Vintage 200G,€3.65,,€18.25/kg,https://www.tesco.ie/groceries/en-IE/products/262524906,https://digitalcontent.api.tesco.com/v2/media/ghs/80eb03e2-57aa-4d3d-91f3-15f83773f649/e5cc78b9-23bd-44ef-aafe-cc9cbe1098dc_729253475.jpeg?h=225&w=225
Tesco 50% Reduced Fat Mature Cheese 200G,€2.00,,€10.00/kg,https://www.tesco.ie/groceries/en-IE/products/307364554,https://digitalcontent.api.tesco.com/v2/media/ghs/6128f83d-5be4-4ac7-bc7a-a7625910f5c7/308ed2d6-69d3-4228-8dc0-ba0d1dc65b2b_1516036689.jpeg?h=225&w=225
Charleville Mature Red Cheddar 200G,€3.50,,€17.50/kg,https://www.tesco.ie/groceries/en-IE/products/250839604,https://digitalcontent.api.tesco.com/v2/media/ghs/b06cf8e8-26e8-4e9e-bd80-da7c50a30b1d/271cf4fe-371a-43bb-b146-6567f3762e41_303538716.jpeg?h=225&w=225
The Laughing Cow Cheese Dip & Crunch Spead 140 G,€2.75,,€19.64/kg,https://www.tesco.ie/groceries/en-IE/products/282111218,https://digitalcontent.api.tesco.com/v2/media/ghs/f3df58e9-1c55-44a7-a62e-aeb133deac12/f218af79-e090-4e53-9a14-b59dcd63a8bf.jpeg?h=225&w=225
Low Low White Cheddar Cheese Slices 160 G,€3.50,€2.50 Clubcard Price,€21.88/kg,https://www.tesco.ie/groceries/en-IE/products/274560090,https://digitalcontent.api.tesco.com/v2/media/ghs/0c383132-5df5-480e-9e5b-a4cc116af7df/70ffa23b-33d2-475b-92bf-2f00c30b8f41_1410064018.jpeg?h=225&w=225
Tesco Cheddar Irish Mature Red 200G,€2.00,,€10.00/kg,https://www.tesco.ie/groceries/en-IE/products/277065562,https://digitalcontent.api.tesco.com/v2/media/ghs/4d9c2c43-631c-4047-ae48-88100f7bdfa3/snapshotimagehandler_1473351285.jpeg?h=225&w=225
Tesco Finest Vintage Irish White Cheddar 250G,€2.49,,€9.96/kg,https://www.tesco.ie/groceries/en-IE/products/310140665,https://digitalcontent.api.tesco.com/v2/media/ghs/b711c59b-1c93-4d23-90f0-d3ba7a5320ad/27a35a0e-dc06-4423-b7cc-37bba88e43f0_714583759.jpeg?h=225&w=225
Dubliner Orginal White Slices180g,€3.75,,€20.83/kg,https://www.tesco.ie/groceries/en-IE/products/277688464,https://digitalcontent.api.tesco.com/v2/media/ghs/8225f201-3c01-47a8-9dc2-f379302e2633/a523fc4a-d5be-422a-916f-5bda77f81317_1090103742.jpeg?h=225&w=225
Kilmeaden Mature Red Chedder Hand Cut Slices 200G,€3.99,€2.50 Clubcard Price,€19.95/kg,https://www.tesco.ie/groceries/en-IE/products/313844594,https://digitalcontent.api.tesco.com/v2/media/ghs/5d33f4f1-5abc-4e0f-b055-98031031f9b6/f09a6a36-9e3c-45d1-81a1-7bf75539d7b5_1767212704.jpeg?h=225&w=225
Charleville Lighter Medium Red Cheese Slices 160G,€3.50,€2.50 Clubcard Price,€21.88/kg,https://www.tesco.ie/groceries/en-IE/products/307365461,https://digitalcontent.api.tesco.com/v2/media/ghs/c5d3f714-6b65-4df0-8281-6e5333c2a6e4/e7901758-0fba-4ecd-afe0-14bb788c15ba_949090523.jpeg?h=225&w=225
Tesco Extra Mature Irish Red Cheddar 400G,€3.39,,€8.48/kg,https://www.tesco.ie/groceries/en-IE/products/300736598,https://digitalcontent.api.tesco.com/v2/media/ghs/3514c59b-70e7-4692-b790-35c773c3048c/snapshotimagehandler_46970329.jpeg?h=225&w=225
Kilmeaden Fully Mature Red 200G,€3.50,Any 3 for €5 Clubcard Price - Selected Cheese Or Fresh Soup Or Meat Or Yogurt & Desserts,€17.50/kg,https://www.tesco.ie/groceries/en-IE/products/268828175,https://digitalcontent.api.tesco.com/v2/media/ghs/16d05991-2731-4332-95cd-06bf9ed48e35/snapshotimagehandler_1908575044.jpeg?h=225&w=225
Wexford Rich & Mature Red 200G,€3.25,,€16.25/kg,https://www.tesco.ie/groceries/en-IE/products/262524935,https://digitalcontent.api.tesco.com/v2/media/ghs/81cc3dc0-b128-4997-b838-09cc43450117/0e08fd83-4ec1-4c75-8469-85014792a4e3_580733588.jpeg?h=225&w=225
Carbery Cracker 200G,€3.50,,€17.50/kg,https://www.tesco.ie/groceries/en-IE/products/301176728,https://digitalcontent.api.tesco.com/v2/media/ghs/c7fa3971-acf6-47fb-b0bb-aef564192d61/snapshotimagehandler_267097402.jpeg?h=225&w=225
Wexford Rich & Mature White 200G,€3.25,,€16.25/kg,https://www.tesco.ie/groceries/en-IE/products/262524941,https://digitalcontent.api.tesco.com/v2/media/ghs/be9239cc-66b7-4189-83d9-832bfbf46ea4/064f1865-2f6b-4778-9a48-d7a466f0dba0_1807630205.jpeg?h=225&w=225
Kilmeaden Irish Cheddar Snack Bar 5X20g,€2.80,Any 3 for €5 Clubcard Price - Selected Cheese Or Fresh Soup Or Meat Or Yogurt & Desserts,€28.00/kg,https://www.tesco.ie/groceries/en-IE/products/306654184,https://digitalcontent.api.tesco.com/v2/media/ghs/bd67d8b1-fe5b-446b-a1a7-01f4a1b81d53/snapshotimagehandler_1254429599.jpeg?h=225&w=225
Philadelphia Light Low Fat Soft Cream Cheese Snacks 3 Pack 126G,€2.70,,€21.43/kg,https://www.tesco.ie/groceries/en-IE/products/308839556,https://digitalcontent.api.tesco.com/v2/media/ghs/aadae1d4-34e2-4255-9805-6edd62566f6d/ad0792f8-8c7a-4703-8816-ae5c3e5bff5b_179830683.jpeg?h=225&w=225
Vintage Dubliner Cheese Block 200G,€4.20,,€21.00/kg,https://www.tesco.ie/groceries/en-IE/products/258088949,https://digitalcontent.api.tesco.com/v2/media/ghs/6519f977-6a0f-47bc-9127-5a15beb32bb1/95ca467d-a41b-498b-a597-de3bbc9a4fc7_1270653402.jpeg?h=225&w=225
Charleville Select White Block 200G,€3.50,,€17.50/kg,https://www.tesco.ie/groceries/en-IE/products/283392015,https://digitalcontent.api.tesco.com/v2/media/ghs-mktg/b0b04216-fa73-466d-a9d7-c9fcfa1ce9b3/no-image.jpeg
Tesco 30% Reduced Fat Extra Mature Cheese 400G,€3.39,,€8.48/kg,https://www.tesco.ie/groceries/en-IE/products/307354029,https://digitalcontent.api.tesco.com/v2/media/ghs/846faa86-9322-484a-aff9-5141a2041303/snapshotimagehandler_945469194.jpeg?h=225&w=225
Creamfields 10 Mild Chedder Slices 200G,€1.65,,€8.25/kg,https://www.tesco.ie/groceries/en-IE/products/312830637,https://digitalcontent.api.tesco.com/v2/media/ghs/af86a2db-0c7a-4a69-ba5b-887a9738fbaa/171681fb-fd69-47c9-a7d4-88de31899aac_1779673424.jpeg?h=225&w=225
Tesco Cheddar Mature White 200G,€2.00,,€10.00/kg,https://www.tesco.ie/groceries/en-IE/products/277065867,https://digitalcontent.api.tesco.com/v2/media/ghs/623b5a0e-58ed-418c-a50e-1910f5b7a218/snapshotimagehandler_1752210472.jpeg?h=225&w=225
Kilmeaden Mature Cheddar Cubes 160G,€3.10,Any 3 for €5 Clubcard Price - Selected Cheese Or Fresh Soup Or Meat Or Yogurt & Desserts,€19.38/kg,https://www.tesco.ie/groceries/en-IE/products/305961229,https://digitalcontent.api.tesco.com/v2/media/ghs/dd8ad2c5-06f8-44ca-a570-86678c8babf8/41ce03f2-ea8c-4ad1-9664-62f45e929a5d_1584277060.jpeg?h=225&w=225
Wicklow Cheddar Nettle & Chive From Cheese 150G,€4.00,Any 3 for €10 Clubcard Price - Selected Cheese Products,€26.67/kg,https://www.tesco.ie/groceries/en-IE/products/268564434,https://digitalcontent.api.tesco.com/v2/media/ghs/6c12d239-62d5-4a4d-9d00-85739620850c/snapshotimagehandler_877555398.jpeg?h=225&w=225
Dubliner Orignal White Block 200G,€3.75,,€18.75/kg,https://www.tesco.ie/groceries/en-IE/products/287808314,https://digitalcontent.api.tesco.com/v2/media/ghs-mktg/b0b04216-fa73-466d-a9d7-c9fcfa1ce9b3/no-image.jpeg
Wicklow Baun Farmhouse Cheese 150G,€4.00,Any 3 for €10 Clubcard Price - Selected Cheese Products,€26.67/kg,https://www.tesco.ie/groceries/en-IE/products/268584047,https://digitalcontent.api.tesco.com/v2/media/ghs/21e93048-fc4a-4529-8579-031339cb5083/snapshotimagehandler_922907475.jpeg?h=225&w=225
Charleville Lighter Medium White Slices 160G,€3.50,€2.50 Clubcard Price,€21.88/kg,https://www.tesco.ie/groceries/en-IE/products/305980023,https://digitalcontent.api.tesco.com/v2/media/ghs/e59fc1bc-3f53-4540-bd69-d6a38676c1ff/5f211c7d-1270-4c18-a0c0-b930df761774_867926783.jpeg?h=225&w=225
Wicklow Cheddar Tomato And Herb From Cheese 150G,€4.00,Any 3 for €10 Clubcard Price - Selected Cheese Products,€26.67/kg,https://www.tesco.ie/groceries/en-IE/products/268564457,https://digitalcontent.api.tesco.com/v2/media/ghs/44cb9be4-9c37-4ab4-82e8-566ae7815ed0/snapshotimagehandler_2103301491.jpeg?h=225&w=225
Creamfields Mild Red Cheddar 200G,€1.49,,€7.45/kg,https://www.tesco.ie/groceries/en-IE/products/313166477,https://digitalcontent.api.tesco.com/v2/media/ghs/38df1bde-5328-4d69-8b08-0a3e4d462a4d/7b48bf29-0f73-4b44-ad8a-90f4bc44df43_1934040917.jpeg?h=225&w=225
Glenstal Vintage Irish Cheddar 250G,€4.00,Any 3 for €10 Clubcard Price - Selected Cheese Products,€16.00/kg,https://www.tesco.ie/groceries/en-IE/products/313186312,https://digitalcontent.api.tesco.com/v2/media/ghs/4b0decea-91f4-4d2a-a7e0-da84cf92e5c8/af26fbad-d591-431c-b6e0-089d49be3db9_902843927.jpeg?h=225&w=225
Tesco Finest Vintage Red Leicester Bite Cheese 200G,€4.00,Any 3 for €10 Clubcard Price - Selected Cheese Products,€20.00/kg,https://www.tesco.ie/groceries/en-IE/products/299770160,https://digitalcontent.api.tesco.com/v2/media/ghs/b1f3c202-5975-41b6-a357-924b00a9265d/8cd30bc9-0f5c-41c8-b845-9e043fbba5c3_764055564.jpeg?h=225&w=225
Dubliner Cheese Red 200G,€3.75,,€18.75/kg,https://www.tesco.ie/groceries/en-IE/products/287808406,https://digitalcontent.api.tesco.com/v2/media/ghs-mktg/b0b04216-fa73-466d-a9d7-c9fcfa1ce9b3/no-image.jpeg
Creamfields Mild Cheddar 200G,€1.49,,€7.45/kg,https://www.tesco.ie/groceries/en-IE/products/312852087,https://digitalcontent.api.tesco.com/v2/media/ghs/ed0b3b8e-9f9c-43cd-aade-b7b26bffc49c/8dcf922e-608d-4b1c-8b2a-1eb2d244da1f_344033473.jpeg?h=225&w=225
Carrigaline Farm House Garlic And Herb 150G,€4.00,Any 3 for €10 Clubcard Price - Selected Cheese Products,€26.67/kg,https://www.tesco.ie/groceries/en-IE/products/268559366,https://digitalcontent.api.tesco.com/v2/media/ghs/274aea6c-5722-4b85-b446-54ad0e45eb35/snapshotimagehandler_2074610691.jpeg?h=225&w=225
Kilmeaden Mature Red Cheddar 350G,€5.99,,€17.11/kg,https://www.tesco.ie/groceries/en-IE/products/313754406,https://digitalcontent.api.tesco.com/v2/media/ghs/49a09527-0d0f-49aa-a00a-67bf95ba6cb0/458995cb-43c7-4bb6-b1ac-a5e8dfbfe210_2080711359.jpeg?h=225&w=225
Tesco Finest Extra Mature Double Gloucester Cheese 200G,€4.00,Any 3 for €10 Clubcard Price - Selected Cheese Products,€20.00/kg,https://www.tesco.ie/groceries/en-IE/products/299770183,https://digitalcontent.api.tesco.com/v2/media/ghs/5f93179d-7579-49e8-b752-01e99fb89143/b82dc48e-d65e-4f7c-a863-a57a13e85d31_1747155386.jpeg?h=225&w=225
Dubliner Lighter White Block 200G,€3.75,,€18.75/kg,https://www.tesco.ie/groceries/en-IE/products/287809221,https://digitalcontent.api.tesco.com/v2/media/ghs-mktg/b0b04216-fa73-466d-a9d7-c9fcfa1ce9b3/no-image.jpeg
Glenstal Vintage Irish Cheddar 250G,€4.00,Any 3 for €10 Clubcard Price - Selected Cheese Products,€16.00/kg,https://www.tesco.ie/groceries/en-IE/products/313175112,https://digitalcontent.api.tesco.com/v2/media/ghs/57245e24-907f-4b56-8549-392e0ede5e80/7f1e64c1-92b0-42a9-8454-9f365a29c424_1540400059.jpeg?h=225&w=225
Dubliner Lighter Red Slcies180g,€3.90,,€21.67/kg,https://www.tesco.ie/groceries/en-IE/products/287809359,https://digitalcontent.api.tesco.com/v2/media/ghs-mktg/b0b04216-fa73-466d-a9d7-c9fcfa1ce9b3/no-image.jpeg
Old Irish Crmey Cheese Cheddar With Chilli 150G,€4.00,Any 3 for €10 Clubcard Price - Selected Cheese Products,€26.67/kg,https://www.tesco.ie/groceries/en-IE/products/312985474,https://digitalcontent.api.tesco.com/v2/media/ghs-mktg/b0b04216-fa73-466d-a9d7-c9fcfa1ce9b3/no-image.jpeg
Old Irish Crmey Chedder Cheese With Cranberries 150G,€4.00,Any 3 for €10 Clubcard Price - Selected Cheese Products,€26.67/kg,https://www.tesco.ie/groceries/en-IE/products/312853227,https://digitalcontent.api.tesco.com/v2/media/ghs-mktg/b0b04216-fa73-466d-a9d7-c9fcfa1ce9b3/no-image.jpeg
Old Irish Crmey Cheese Oak Smoked Cheddar 150G,€4.00,Any 3 for €10 Clubcard Price - Selected Cheese Products,€26.67/kg,https://www.tesco.ie/groceries/en-IE/products/311953502,https://digitalcontent.api.tesco.com/v2/media/ghs-mktg/b0b04216-fa73-466d-a9d7-c9fcfa1ce9b3/no-image.jpeg
Carrigaline Farm House Natural Cheese 150G,€4.00,Any 3 for €10 Clubcard Price - Selected Cheese Products,€26.67/kg,https://www.tesco.ie/groceries/en-IE/products/268559268,https://digitalcontent.api.tesco.com/v2/media/ghs/ebee1afb-a4e4-47fd-a9a4-40a1a32e57ae/snapshotimagehandler_1437077402.jpeg?h=225&w=225
Dubliner Lighter Red Block200g,€3.75,,€18.75/kg,https://www.tesco.ie/groceries/en-IE/products/287809313,https://digitalcontent.api.tesco.com/v2/media/ghs-mktg/b0b04216-fa73-466d-a9d7-c9fcfa1ce9b3/no-image.jpeg
Bo Rua Farm Original Irish Farm Chedder 125G,€4.00,Any 3 for €10 Clubcard Price - Selected Cheese Products,€32.00/kg,https://www.tesco.ie/groceries/en-IE/products/306652042,https://digitalcontent.api.tesco.com/v2/media/ghs/a2eec6b1-0062-4d2f-a079-0b94fe8a9784/f11768ba-619c-44ea-857b-69d6727c1517_1837973689.jpeg?h=225&w=225
Tesco Finest Vintage Coastal Bite Cheese 200G,€4.00,Any 3 for €10 Clubcard Price - Selected Cheese Products,€20.00/kg,https://www.tesco.ie/groceries/en-IE/products/299770148,https://digitalcontent.api.tesco.com/v2/media/ghs/280bb1ae-a955-4921-9e49-d054a6796dc3/1fc3d8d4-5ed8-488c-bc31-25c03b353b62_234007857.jpeg?h=225&w=225
Kilmeaden Mature White Cheddar Block 350G,€5.99,,€17.11/kg,https://www.tesco.ie/groceries/en-IE/products/313522249,https://digitalcontent.api.tesco.com/v2/media/ghs/0cc9746c-ff11-474f-b799-956f0c74bbcd/c437b7a6-eaf3-4b18-94e9-8a23e0b083d5_57988623.jpeg?h=225&w=225
Old Irish Creamery Garlic And Herb Chedder 150G,€4.00,Any 3 for €10 Clubcard Price - Selected Cheese Products,€26.67/kg,https://www.tesco.ie/groceries/en-IE/products/312718072,https://digitalcontent.api.tesco.com/v2/media/ghs-mktg/b0b04216-fa73-466d-a9d7-c9fcfa1ce9b3/no-image.jpeg
Old Irish Crmey Cheese Chedder With Sriracha 150G,€4.00,Any 3 for €10 Clubcard Price - Selected Cheese Products,€26.67/kg,https://www.tesco.ie/groceries/en-IE/products/312709327,https://digitalcontent.api.tesco.com/v2/media/ghs-mktg/b0b04216-fa73-466d-a9d7-c9fcfa1ce9b3/no-image.jpeg
Old Irish Creamery Cheddar And Chive 150G,€4.00,Any 3 for €10 Clubcard Price - Selected Cheese Products,€26.67/kg,https://www.tesco.ie/groceries/en-IE/products/312717015,https://digitalcontent.api.tesco.com/v2/media/ghs-mktg/b0b04216-fa73-466d-a9d7-c9fcfa1ce9b3/no-image.jpeg
Old Irish Crmey Cheese Chedder With Whiskey 150G,€4.00,Any 3 for €10 Clubcard Price - Selected Cheese Products,€26.67/kg,https://www.tesco.ie/groceries/en-IE/products/312584165,https://digitalcontent.api.tesco.com/v2/media/ghs-mktg/b0b04216-fa73-466d-a9d7-c9fcfa1ce9b3/no-image.jpeg
Glenstal Lighter Irish Cheese 250G,€4.00,Any 3 for €10 Clubcard Price - Selected Cheese Products,€16.00/kg,https://www.tesco.ie/groceries/en-IE/products/313161353,https://digitalcontent.api.tesco.com/v2/media/ghs/abf80050-6fc3-49d9-b3bc-464842bb86e8/b66d5d97-4d86-425d-8202-abc88a7654fe_540948087.jpeg?h=225&w=225
Kilmeaden Irish Cheddar Snack Bar 20G,€0.80,,€40.00/kg,https://www.tesco.ie/groceries/en-IE/products/305964193,https://digitalcontent.api.tesco.com/v2/media/ghs/85f42095-8cb6-4333-a7d2-0fcbfa685bc4/snapshotimagehandler_1853544245.jpeg?h=225&w=225
Glenstal Irish Lighter Cheese 250G,€4.00,Any 3 for €10 Clubcard Price - Selected Cheese Products,€16.00/kg,https://www.tesco.ie/groceries/en-IE/products/313525937,https://digitalcontent.api.tesco.com/v2/media/ghs/e78f98b1-45a7-45c5-b530-97c375cb8f15/37c9737e-6db6-47b6-bf31-fa93c6d377f5_1461251645.jpeg?h=225&w=225
Old Irish Crmey Cheese Cheddar With Porter 150G,€4.00,Any 3 for €10 Clubcard Price - Selected Cheese Products,€26.67/kg,https://www.tesco.ie/groceries/en-IE/products/312699830,https://digitalcontent.api.tesco.com/v2/media/ghs-mktg/b0b04216-fa73-466d-a9d7-c9fcfa1ce9b3/no-image.jpeg
Milleens Irish Farmhouse Smoked Washed Rind 200G,€4.00,Any 3 for €10 Clubcard Price - Selected Cheese Products,€20.00/kg,https://www.tesco.ie/groceries/en-IE/products/301965388,https://digitalcontent.api.tesco.com/v2/media/ghs/b5f2ad2a-2851-4f4d-b91c-fd85ff59d45c/snapshotimagehandler_1781531426.jpeg?h=225&w=225
Old Irish Crmey Cheese Sage Cheddar 150G,€4.00,Any 3 for €10 Clubcard Price - Selected Cheese Products,€26.67/kg,https://www.tesco.ie/groceries/en-IE/products/312854217,https://digitalcontent.api.tesco.com/v2/media/ghs-mktg/b0b04216-fa73-466d-a9d7-c9fcfa1ce9b3/no-image.jpeg
