Title,Price,Promotional Price,Price Per,Product URL,Image URL
Cheestrings Original 8Pk Cheese Snacks 160G,Currently out of stock,,,https://www.tesco.ie/groceries/en-IE/products/273196994,https://digitalcontent.api.tesco.com/v2/media/ghs/08a14dd7-1c8b-4d55-af19-7667009a9020/7432e7b7-d1bb-41e1-afc6-6170ef65ea8d.jpeg?h=225&w=225
Dairylea Dunkers Jumbo Tubes Snacks 4 pack 4x41G,€3.50,€2.50 Clubcard Price,€21.34/kg,https://www.tesco.ie/groceries/en-IE/products/308856345,https://digitalcontent.api.tesco.com/v2/media/ghs/11e05e89-1c95-4081-bd87-4b492b660501/4993fe89-b1f0-4608-899d-1c98f1b8caec_1965826466.jpeg?h=225&w=225
Kerry Easi Singles Original 20 Slices 340G,€3.69,€2.50 Clubcard Price,€10.85/kg,https://www.tesco.ie/groceries/en-IE/products/313844487,https://digitalcontent.api.tesco.com/v2/media/ghs/8872773a-d422-4e08-9851-37efe1e0425d/e7618b6b-5aa1-4bda-aef1-447fea7d2a55_1264046145.jpeg?h=225&w=225
Cheestrings Twisted Cheese Snacks 8Pk 160G,Currently out of stock,,,https://www.tesco.ie/groceries/en-IE/products/273197112,https://digitalcontent.api.tesco.com/v2/media/ghs/d5773573-d8b8-41c1-9b8d-b7433e6e6600/e3099ad2-568b-4749-b03b-fb69f78d0171.jpeg?h=225&w=225
Mini Babybel 240G 12 Pack,€3.95,,€16.46/kg,https://www.tesco.ie/groceries/en-IE/products/252971063,https://digitalcontent.api.tesco.com/v2/media/ghs/5a6d5d90-f8d3-4852-8689-58b202265624/069dcf01-7003-4505-9124-e47a8d22faa3.jpeg?h=225&w=225
"Mini Babybel Original Cheese 6 Pack, 120 G",€2.80,€2.25 Clubcard Price,€23.33/kg,https://www.tesco.ie/groceries/en-IE/products/253780736,https://digitalcontent.api.tesco.com/v2/media/ghs/b2412946-f312-4bc3-ab6c-05142a555061/9daff8b9-a4c4-4dd9-896d-30941239d46c.jpeg?h=225&w=225
Laughing Cow Original Cheese Spread Triangles 8 Pack 133G,€2.65,€2.00 Clubcard Price,€19.92/kg,https://www.tesco.ie/groceries/en-IE/products/309490147,https://digitalcontent.api.tesco.com/v2/media/ghs/eb66aa7b-801e-4ef4-8d3e-dd41ed87641f/ea38ffed-c93b-4ff1-9766-9710d5228382_891695459.jpeg?h=225&w=225
Cheestrings Original Cheese Snacks 4 Pack 80G,€2.25,,€28.12/kg,https://www.tesco.ie/groceries/en-IE/products/273197498,https://digitalcontent.api.tesco.com/v2/media/ghs/2b53576e-f1f1-4c69-83a7-a8dd0d077064/6f0c9b56-e5a2-455b-8512-a0c80bb87bb5.jpeg?h=225&w=225
Dairylea Dunkers Nacho Cheese Snacks 4 pack 4x43G,€3.50,€2.50 Clubcard Price,€20.35/kg,https://www.tesco.ie/groceries/en-IE/products/308833879,https://digitalcontent.api.tesco.com/v2/media/ghs/2af4968d-aa97-42c7-b901-079c39388f30/01a31acc-cbb8-4e5a-9a86-a1a1a8847f5d_360880100.jpeg?h=225&w=225
Dairylea Lunchers Ham & Cheese Snacks 74g,€2.25,Any 3 for €5 Clubcard Price - Selected Cheese Or Fresh Soup Or Meat Or Yogurt & Desserts,€30.40/kg,https://www.tesco.ie/groceries/en-IE/products/314579557,https://digitalcontent.api.tesco.com/v2/media/ghs/4f6e426a-e8ed-43e5-9921-dd61c2eee85a/ecd42354-bb9c-402e-a064-84e42573870a_128080515.jpeg?h=225&w=225
Dairylea Ritz Dunkers Cheese Snacks 4 Pack 4x43G,€3.50,€2.50 Clubcard Price,€20.35/kg,https://www.tesco.ie/groceries/en-IE/products/309758840,https://digitalcontent.api.tesco.com/v2/media/ghs/e90d326a-3b1f-401e-9b9a-6b1b1f213a58/af41a95a-47f7-4b3b-931b-6a8ca5b14d4b_850113708.jpeg?h=225&w=225
Mini Babybel Light 240G 12 Pack,€3.95,,€16.46/kg,https://www.tesco.ie/groceries/en-IE/products/260468970,https://digitalcontent.api.tesco.com/v2/media/ghs/2c41e7a3-2e36-4508-9453-6ba955b2a988/70020c78-0e50-42b3-96dd-b385ee54c7d3.jpeg?h=225&w=225
L/Cow Light Cheese Spread Triangle 8 Pack 133G,€2.65,€2.00 Clubcard Price,€19.92/kg,https://www.tesco.ie/groceries/en-IE/products/309459318,https://digitalcontent.api.tesco.com/v2/media/ghs/220e6857-480e-4400-8324-62178a49d0bc/57e768bf-2d0a-4e97-b5af-567ff152a95b_601723272.jpeg?h=225&w=225
"Cheestrings Twisted Cheese Snacks 4 Pk, 80 G",€2.25,,€28.12/kg,https://www.tesco.ie/groceries/en-IE/products/273197423,https://digitalcontent.api.tesco.com/v2/media/ghs/a0ab5750-dd9f-453f-bf57-ec7a79cf148f/6a031da4-de2c-454f-a483-70d70ae9faec.jpeg?h=225&w=225
Kerry Easi Singles Original 10 Slices 170G,€1.90,,€11.18/kg,https://www.tesco.ie/groceries/en-IE/products/313606519,https://digitalcontent.api.tesco.com/v2/media/ghs/eeacc464-1741-4968-b263-c4e81c9e2a6d/0819662e-8ce0-4077-9ea2-41c951b39118_2003480628.jpeg?h=225&w=225
Dairylea Dunkers Breadsticks Cheese Snacks 4 pack 4x43G,€3.50,€2.50 Clubcard Price,€20.35/kg,https://www.tesco.ie/groceries/en-IE/products/308832362,https://digitalcontent.api.tesco.com/v2/media/ghs/ccf59200-6b29-46a4-bde8-aaad150cf7fe/514e7efb-275c-4c86-8610-2902eda8df77_1909791572.jpeg?h=225&w=225
Charleville Deliciously Ham Sread,€2.29,,€18.32/kg,https://www.tesco.ie/groceries/en-IE/products/268876330,https://digitalcontent.api.tesco.com/v2/media/ghs/86c70b3a-ef92-48d7-b34c-f53668ca57bc/8aa53f42-d507-4bae-b6f1-91bbda579000_1550610357.jpeg?h=225&w=225
"Mini Babybel Light Cheese 6 Pack, 120 G",€2.80,€2.25 Clubcard Price,€23.33/kg,https://www.tesco.ie/groceries/en-IE/products/253780811,https://digitalcontent.api.tesco.com/v2/media/ghs/9f1178e5-880c-471f-abc1-776885b23a50/859ceb87-bb58-46ec-a655-73b1adbd9184.jpeg?h=225&w=225
Charleville Light Spread Mature Chedder 125G,€2.29,,€18.32/kg,https://www.tesco.ie/groceries/en-IE/products/268231932,https://digitalcontent.api.tesco.com/v2/media/ghs/cb3b0bfa-d9d2-4a17-a949-3b49dc9d3a71/ed4913a3-53b9-456e-a218-60ab82b9218b.jpeg?h=225&w=225
Laughing Cow Lightest Cheese Spread Triangles 8Pk 133G,€2.65,€2.00 Clubcard Price,€19.92/kg,https://www.tesco.ie/groceries/en-IE/products/309453329,https://digitalcontent.api.tesco.com/v2/media/ghs/408b5ed8-af5c-4a12-aea8-933fe1fddab5/b3596f06-166b-4735-b630-c8634b463eec_1390377086.jpeg?h=225&w=225
Dairylea Snackers Cheese & Crackers Mini Oreo 66.1G,€2.25,Any 3 for €5 Clubcard Price - Selected Cheese Or Fresh Soup Or Meat Or Yogurt & Desserts,€34.04/kg,https://www.tesco.ie/groceries/en-IE/products/308860443,https://digitalcontent.api.tesco.com/v2/media/ghs/b1ac6b90-07d9-41de-8810-8ff3ade292aa/cb68921f-eb8a-458f-94e0-ed09c30f6b77_100694706.jpeg?h=225&w=225
Galtee Cheese Block200g,€2.65,,€13.25/kg,https://www.tesco.ie/groceries/en-IE/products/280567690,https://digitalcontent.api.tesco.com/v2/media/ghs/d56d25ea-a22e-4c39-a57b-2b39fe89a4bb/snapshotimagehandler_1097891697.jpeg?h=225&w=225
Dairylea Lunchers Chicken & Cheese Snacks 68g,€2.25,Any 3 for €5 Clubcard Price - Selected Cheese Or Fresh Soup Or Meat Or Yogurt & Desserts,€33.09/kg,https://www.tesco.ie/groceries/en-IE/products/314412073,https://digitalcontent.api.tesco.com/v2/media/ghs/3bb65147-717a-4c0b-8d66-9bff91179048/92f4b8fd-2209-4e84-a77a-79a87d5c2a49_308973244.jpeg?h=225&w=225
Kerry Easi Singles Mature 20 Slices 340G,€3.69,€2.50 Clubcard Price,€10.85/kg,https://www.tesco.ie/groceries/en-IE/products/313375100,https://digitalcontent.api.tesco.com/v2/media/ghs/fea3d064-1b2f-439a-a30b-8f59f97e6878/6380d280-2995-4ff3-9be1-7a00faf9f019_1700988403.jpeg?h=225&w=225
Dairylea Filled Cheese Crackers Snacks 5 pack 5x19.3G,€3.00,,€31.12/kg,https://www.tesco.ie/groceries/en-IE/products/309201819,https://digitalcontent.api.tesco.com/v2/media/ghs/fb7381f3-24d8-424e-b361-39fabe26c538/3479b525-6066-439d-9404-4d8e89a7abe6_163870636.jpeg?h=225&w=225
Dairylea Strip Cheese 8 Pack 168G,€3.50,,€20.83/kg,https://www.tesco.ie/groceries/en-IE/products/256245767,https://digitalcontent.api.tesco.com/v2/media/ghs/ac227d83-8c65-458d-990f-4be6c93de7af/31b6bb49-2073-4b73-81f2-f7fe8ad0bc1e.jpeg?h=225&w=225
Dairylea Snackers Cheese & Crackers & Buttons 64.2G,€2.25,Any 3 for €5 Clubcard Price - Selected Cheese Or Fresh Soup Or Meat Or Yogurt & Desserts,€35.05/kg,https://www.tesco.ie/groceries/en-IE/products/308833614,https://digitalcontent.api.tesco.com/v2/media/ghs/937235a8-27db-4d51-9bac-29b28cfc067f/2449a4dd-d715-4f0c-a04c-8a1f643dcb91_79954218.jpeg?h=225&w=225
Charleville Deliciously Spread Select,€2.29,,€18.32/kg,https://www.tesco.ie/groceries/en-IE/products/268876290,https://digitalcontent.api.tesco.com/v2/media/ghs/1b673b9f-b12d-492d-a34b-979438e9d61c/1f634048-eba3-424d-b202-179d340129ed_1031795744.jpeg?h=225&w=225
Dairylea Cheese Spread Triangles 8 pack 8x15.6G,€2.55,,€20.40/kg,https://www.tesco.ie/groceries/en-IE/products/285140426,https://digitalcontent.api.tesco.com/v2/media/ghs/9d29c92d-ee80-4ee7-a8d1-36d346cfaf55/cb1bd7f1-435d-4b28-8a84-62b35a56f856.jpeg?h=225&w=225
Babybel Mini Mixed Pack 9 X 20G,€3.75,,€20.83/kg,https://www.tesco.ie/groceries/en-IE/products/306498604,https://digitalcontent.api.tesco.com/v2/media/ghs/158a84eb-901b-47d2-994d-9fde60fb09b4/8b418a68-65e2-40d2-a4a1-3949cd0db3c5_623246089.jpeg?h=225&w=225
Laughing Cow Light Blue Cheese Triangles 128 G,€2.65,€2.00 Clubcard Price,€20.70/kg,https://www.tesco.ie/groceries/en-IE/products/274438466,https://digitalcontent.api.tesco.com/v2/media/ghs/97ff525a-5ff0-4eec-9807-be1ac3df667f/85f22096-463b-4dd8-bb76-03bab92c3c41.jpeg?h=225&w=225
Dairylea Cheese Spread 145G,€2.55,,€17.59/kg,https://www.tesco.ie/groceries/en-IE/products/299001985,https://digitalcontent.api.tesco.com/v2/media/ghs/5dabb896-1763-4df6-b7d4-3ba1de3025e4/4b369136-ff76-4706-adaa-34f7859a8023_75101955.jpeg?h=225&w=225
D/Lea Snackers Cheese And Crackers Mini Fingers 67.5G,€2.25,Any 3 for €5 Clubcard Price - Selected Cheese Or Fresh Soup Or Meat Or Yogurt & Desserts,€33.33/kg,https://www.tesco.ie/groceries/en-IE/products/309183799,https://digitalcontent.api.tesco.com/v2/media/ghs/dd8bea21-789b-4b22-bce5-7ffdf1efeded/f74e8214-4f7c-4fd2-a031-e645b663d1fe_845980215.jpeg?h=225&w=225
