Title,Price,Promotional Price,Price Per,Product URL,Image URL
Tesco Irish Round Beef Steak Mince 10% Fat 554G,€4.50,"Any 3 for €10 Clubcard Price - Selected Meat, Fish Or Poultry Products",€8.12/kg,https://www.tesco.ie/groceries/en-IE/products/298004753,https://digitalcontent.api.tesco.com/v2/media/ghs/66b4d6fd-41d1-45ad-a88e-f1b4911f39a9/snapshotimagehandler_255386595.jpeg?h=225&w=225
Tesco Whole Chicken 1200G,€4.50,"Any 3 for €10 Clubcard Price - Selected Meat, Fish Or Poultry Products",€3.75/kg,https://www.tesco.ie/groceries/en-IE/products/288390793,https://digitalcontent.api.tesco.com/v2/media/ghs/477fff45-474e-4372-9f49-aa98d9e45050/snapshotimagehandler_392477010.jpeg?h=225&w=225
Tesco Chicken Mini Fillets 45G,€4.25,€3.75 Clubcard Price,€9.44/kg,https://www.tesco.ie/groceries/en-IE/products/304073799,https://digitalcontent.api.tesco.com/v2/media/ghs/2aeea851-fa4f-42b8-84d2-f6e8b5a2db71/3d353f98-fd49-4dce-8330-830a737b8cd4_1234050834.jpeg?h=225&w=225
Tesco Irish Chicken Breast Fillets 705G,€7.89,,€11.19/kg,https://www.tesco.ie/groceries/en-IE/products/314113156,https://digitalcontent.api.tesco.com/v2/media/ghs/1f0729ed-9ddb-4cd8-86cf-c16e08fd4372/977f72cd-7e25-40f0-9b26-93803b406002_1558617273.jpeg?h=225&w=225
Tesco Irish Chicken Breast Fillets 500G,€5.99,,€11.98/kg,https://www.tesco.ie/groceries/en-IE/products/313963527,https://digitalcontent.api.tesco.com/v2/media/ghs/14f3fe8b-b249-41e9-848e-ad9b2f282fd5/0fc3d99a-1079-4380-b038-dd660ccfadd7_374633059.jpeg?h=225&w=225
Tesco Irish Lean Beef Steak Mince 5% Fat 470G,€4.00,,€8.51/kg,https://www.tesco.ie/groceries/en-IE/products/312984849,https://digitalcontent.api.tesco.com/v2/media/ghs/769ce88e-7b72-4672-8c88-11841047275b/e51c21b7-cbc5-46ca-aaee-c8e5b6443ad0_1697629863.jpeg?h=225&w=225
Tesco Diced Beef 335G,€3.50,"Any 3 for €10 Clubcard Price - Selected Meat, Fish Or Poultry Products",€10.45/kg,https://www.tesco.ie/groceries/en-IE/products/303845844,https://digitalcontent.api.tesco.com/v2/media/ghs/0fb1687a-00d2-4b17-86d9-2c9a18e9a496/snapshotimagehandler_867623157.jpeg?h=225&w=225
Tesco Unsmoked Irish Bacon Rashers 225G,€2.50,€2.00 Clubcard Price,€11.11/kg,https://www.tesco.ie/groceries/en-IE/products/292621354,https://digitalcontent.api.tesco.com/v2/media/ghs/356004b8-fe66-4825-86c6-ce16a4e0b26c/snapshotimagehandler_1247513226.jpeg?h=225&w=225
Tesco Finest Irish Pork Sausages 454G,€2.99,Any 2 for €5 Clubcard Price - Selected Tesco Finest* Standard Bacon Or Finest Sausage,€6.59/kg,https://www.tesco.ie/groceries/en-IE/products/266719388,https://digitalcontent.api.tesco.com/v2/media/ghs/f4bb98e5-37c1-487d-9acf-e0d6938170e1/snapshotimagehandler_708878707.jpeg?h=225&w=225
Clonakilty Pork Sausages 454G,€3.90,,€8.59/kg,https://www.tesco.ie/groceries/en-IE/products/258108501,https://digitalcontent.api.tesco.com/v2/media/ghs/c88de752-f759-4a9a-9fa7-a1c089cf9fd5/6d404c24-6c26-4386-95e3-ba1c2897b38d_691420574.jpeg?h=225&w=225
Tesco Irish Lean Beef Steak Mince 5% Fat 797G,€8.00,,€10.04/kg,https://www.tesco.ie/groceries/en-IE/products/293479411,https://digitalcontent.api.tesco.com/v2/media/ghs/725cce90-d4de-4109-9312-dae10c32ab23/snapshotimagehandler_1064272216.jpeg?h=225&w=225
Tesco Finest Angus Lean Beef Mince 5% Fat500g,€5.45,€4.95 Clubcard Price,€10.90/kg,https://www.tesco.ie/groceries/en-IE/products/303845775,https://digitalcontent.api.tesco.com/v2/media/ghs/456bae17-1f4f-4043-bfbc-43d407c71562/af2de8ce-b2b1-4216-98ae-aefed4ba9cf2_668326178.jpeg?h=225&w=225
Tesco Irish Diced Chicken Breast Fillets 350G,€4.00,,€11.43/kg,https://www.tesco.ie/groceries/en-IE/products/275503042,https://digitalcontent.api.tesco.com/v2/media/ghs/d24635f4-1951-4c53-aed1-3d086d72cb0e/snapshotimagehandler_528775286.jpeg?h=225&w=225
Tesco Large Diced Chicken Fillets 550G,€5.99,,€10.89/kg,https://www.tesco.ie/groceries/en-IE/products/292612307,https://digitalcontent.api.tesco.com/v2/media/ghs/ed781754-fdf3-4fff-892c-2d10d0ea7a98/snapshotimagehandler_1847602317.jpeg?h=225&w=225
Sicin Sasta Irish Farmers Own Chicken Breast Fillets 500G,Currently out of stock,,,https://www.tesco.ie/groceries/en-IE/products/308469694,https://digitalcontent.api.tesco.com/v2/media/ghs/4d52b41a-4612-4964-a0cd-5cc4d1bf7751/snapshotimagehandler_286678914.jpeg?h=225&w=225
Tesco 16 Irish Pork Sausages 454G,€1.60,,€3.52/kg,https://www.tesco.ie/groceries/en-IE/products/268835460,https://digitalcontent.api.tesco.com/v2/media/ghs/537a2d13-ec67-4c54-800d-bcaf5b41a3ad/snapshotimagehandler_550282833.jpeg?h=225&w=225
Tesco Healthy Living 7 Irish Smoked Bacon Medallions 200G,€1.79,,€8.95/kg,https://www.tesco.ie/groceries/en-IE/products/280303225,https://digitalcontent.api.tesco.com/v2/media/ghs/fc0366d7-775c-4f00-801e-dd24b5f716bb/06176c08-e126-40d8-957e-6000879511f0_201141399.jpeg?h=225&w=225
Denny Gold Medal Sausages 454G,€3.40,,€7.49/kg,https://www.tesco.ie/groceries/en-IE/products/297187243,https://digitalcontent.api.tesco.com/v2/media/ghs/503a5cae-1c91-4682-881e-7a3946f040f2/72e2b107-d69b-4a6a-9452-7a7a5eddb3d0_466240586.jpeg?h=225&w=225
Tesco Irish 50% Reduced Fat Beef Burgers 454G,€4.00,"Any 3 for €10 Clubcard Price - Selected Meat, Fish Or Poultry Products",€8.81/kg,https://www.tesco.ie/groceries/en-IE/products/310171052,https://digitalcontent.api.tesco.com/v2/media/ghs/af918b64-db53-4a26-af9b-d6c572905ac0/14d353dc-7c8b-497d-906d-3667a838b104_317421945.jpeg?h=225&w=225
Tesco Smoked Irish Streaky Rashers 253G,€1.80,,€7.12/kg,https://www.tesco.ie/groceries/en-IE/products/302420254,https://digitalcontent.api.tesco.com/v2/media/ghs/87485516-e45b-4b0e-917f-da02af62de76/snapshotimagehandler_2119071536.jpeg?h=225&w=225
Tesco Irish Chicken Breast Mini Fillets 284G,€3.50,"Any 3 for €10 Clubcard Price - Selected Meat, Fish Or Poultry Products",€12.32/kg,https://www.tesco.ie/groceries/en-IE/products/313372725,https://digitalcontent.api.tesco.com/v2/media/ghs/e7537b93-eca1-4c2a-bfb0-d39585cde32a/0d568fbe-aad5-4dc8-b3b5-929f67fc4114_180577236.jpeg?h=225&w=225
Tesco Breaded Chicken Goujons 540G,€4.15,"Any 3 for €10 Clubcard Price - Selected Meat, Fish Or Poultry Products",€7.68/kg,https://www.tesco.ie/groceries/en-IE/products/285091909,https://digitalcontent.api.tesco.com/v2/media/ghs/792bd2ef-cce3-4cb6-9b10-5416b918d654/02ea681c-1fc3-4391-a57f-0892fae767c8.jpeg?h=225&w=225
Tesco Healthy Living 7 Irish Unsmoked Bacon Medallions 200G,€1.79,,€8.95/kg,https://www.tesco.ie/groceries/en-IE/products/280303323,https://digitalcontent.api.tesco.com/v2/media/ghs/76d52937-8bab-442d-9ad4-bf744413662f/snapshotimagehandler_1115704768.jpeg?h=225&w=225
Tesco Basted Irish Pork Chops,€5.00,"Any 3 for €10 Clubcard Price - Selected Meat, Fish Or Poultry Products",€9.43/kg,https://www.tesco.ie/groceries/en-IE/products/276352903,https://digitalcontent.api.tesco.com/v2/media/ghs/49af6874-0a4e-4c7e-aacc-9b3c3e1484b1/snapshotimagehandler_172750545.jpeg?h=225&w=225
Tesco Irish Sirloin Steak 266G,Currently out of stock,,,https://www.tesco.ie/groceries/en-IE/products/299774772,https://digitalcontent.api.tesco.com/v2/media/ghs/23917620-e754-4333-85fe-d9d0a73d83d2/snapshotimagehandler_1432605147.jpeg?h=225&w=225
Mccagheys Turkey Burgers 400G,€4.45,"Any 3 for €10 Clubcard Price - Selected Meat, Fish Or Poultry Products",€11.12/kg,https://www.tesco.ie/groceries/en-IE/products/285859740,https://digitalcontent.api.tesco.com/v2/media/ghs/c3ecffc4-89d7-436d-86a9-ad9b7336cec7/ef0c8c3e-7105-494a-b3a0-36b2c138b0d0.jpeg?h=225&w=225
Tesco Free Range Irish Whole Chicken 1.6Kg,€6.50,,€4.06/kg,https://www.tesco.ie/groceries/en-IE/products/301980110,https://digitalcontent.api.tesco.com/v2/media/ghs/a471c0fe-47bb-423c-a6ef-70f1a72718e7/1831e5c7-178e-408b-a039-3dbfc55ac215_245973780.jpeg?h=225&w=225
Tesco Irish Smoked Bacon Lardons 180G,€1.39,,€7.72/kg,https://www.tesco.ie/groceries/en-IE/products/292455470,https://digitalcontent.api.tesco.com/v2/media/ghs/4937fbf6-d128-47a3-817e-98b5032439f3/snapshotimagehandler_1205362034.jpeg?h=225&w=225
Tesco Low Fat Irish Lean Beef Mince 3% Fat 454g,€5.00,€4.50 Clubcard Price,€11.01/kg,https://www.tesco.ie/groceries/en-IE/products/315149417,https://digitalcontent.api.tesco.com/v2/media/ghs/c71d5f94-39b3-4823-9b79-075728b23ef0/72ff8f0d-044a-4474-b959-dadad030e49c_1621791247.jpeg?h=225&w=225
Tesco Smoked Irish Bacon Rashers 225G,€2.50,€2.00 Clubcard Price,€11.11/kg,https://www.tesco.ie/groceries/en-IE/products/292621319,https://digitalcontent.api.tesco.com/v2/media/ghs/03d16101-82db-4211-8659-0866e2e4c856/snapshotimagehandler_1056675896.jpeg?h=225&w=225
Tesco Sage And Onion Stuffed Chicken Thighs 540G,€5.00,"Any 3 for €10 Clubcard Price - Selected Meat, Fish Or Poultry Products",€9.26/kg,https://www.tesco.ie/groceries/en-IE/products/294136171,https://digitalcontent.api.tesco.com/v2/media/ghs/708529dc-4d66-4f4b-a781-50afbd05d3bd/e0e5cba3-e0c1-4857-8bec-e88f3b9a414b_762204529.jpeg?h=225&w=225
T.Fin*Canadian Maple Smoked Dry Rashers240g,€2.99,Any 2 for €5 Clubcard Price - Selected Tesco Finest* Standard Bacon Or Finest Sausage,€12.46/kg,https://www.tesco.ie/groceries/en-IE/products/293439534,https://digitalcontent.api.tesco.com/v2/media/ghs/2c4cb093-149c-468e-be3c-781c1a0db6f5/dbb02207-9abd-4a7d-8731-19817a980f2a_425702495.jpeg?h=225&w=225
Tesco Diced Beef 565G,€5.50,,€9.74/kg,https://www.tesco.ie/groceries/en-IE/products/303845815,https://digitalcontent.api.tesco.com/v2/media/ghs/6ed2b198-203c-4ff2-83ef-fd7465615d2e/snapshotimagehandler_795410356.jpeg?h=225&w=225
Tesco Irish Chicken Thigh Fillets 420G,€4.00,,€9.52/kg,https://www.tesco.ie/groceries/en-IE/products/285859521,https://digitalcontent.api.tesco.com/v2/media/ghs/e04a219c-ce6f-4b90-8155-7f6fab8c2bfa/snapshotimagehandler_164465870.jpeg?h=225&w=225
Denny White Pudding 199G Promotion Pack,€1.20,,€6.03/kg,https://www.tesco.ie/groceries/en-IE/products/261155313,https://digitalcontent.api.tesco.com/v2/media/ghs-mktg/b0b04216-fa73-466d-a9d7-c9fcfa1ce9b3/no-image.jpeg
Tesco Smoked Thick Cut Irish Rashers 378G,€2.40,,€6.35/kg,https://www.tesco.ie/groceries/en-IE/products/302431356,https://digitalcontent.api.tesco.com/v2/media/ghs/1feb5775-df33-4136-b1d6-da1c6d36162a/snapshotimagehandler_1529101968.jpeg?h=225&w=225
Tesco Whole Bird 2000G,Currently out of stock,,,https://www.tesco.ie/groceries/en-IE/products/293332585,https://digitalcontent.api.tesco.com/v2/media/ghs/f77e428b-9b3c-4c50-9295-e51174d5ad87/snapshotimagehandler_468043660.jpeg?h=225&w=225
Tesco Unsmoked Irish Streaky Rashers 253G,€1.80,,€7.12/kg,https://www.tesco.ie/groceries/en-IE/products/302420219,https://digitalcontent.api.tesco.com/v2/media/ghs/27f10d92-243b-400e-add5-71fd34d7b93b/snapshotimagehandler_735318731.jpeg?h=225&w=225
Denny Gold Medal Sausages 227G,€1.99,,€8.77/kg,https://www.tesco.ie/groceries/en-IE/products/250819945,https://digitalcontent.api.tesco.com/v2/media/ghs/72241ac9-6ab0-43ac-b5bb-d67d5cc2aa2b/snapshotimagehandler_988410928.jpeg?h=225&w=225
Tesco 2 Breaded Garlic Chicken Kievs 270G,Currently out of stock,,,https://www.tesco.ie/groceries/en-IE/products/307733170,https://digitalcontent.api.tesco.com/v2/media/ghs/6396807a-9be0-4f1b-ab2a-b95ee9d4ed7c/170cb5f3-3447-459d-a1d3-779d31f568fe.jpeg?h=225&w=225
Clonakilty Black Pudding Chub 280G,€2.90,€2.40 Clubcard Price,€10.36/kg,https://www.tesco.ie/groceries/en-IE/products/250221200,https://digitalcontent.api.tesco.com/v2/media/ghs/d05bfba7-d23b-454f-8487-d856deb0ff87/738e3b35-4c99-4b26-9e44-2ba3ddcc2271_1997192009.jpeg?h=225&w=225
Tesco Irish Beef Meatballs 349G,€2.50,,€7.16/kg,https://www.tesco.ie/groceries/en-IE/products/289970007,https://digitalcontent.api.tesco.com/v2/media/ghs/2b4d23f2-05e6-4291-8338-9a2e714773a9/snapshotimagehandler_1389705204.jpeg?h=225&w=225
Tesco Unsmoked Thick Cut Irish Back Bacon Rashers 378G,€2.40,,€6.35/kg,https://www.tesco.ie/groceries/en-IE/products/302431159,https://digitalcontent.api.tesco.com/v2/media/ghs/992cfa67-6590-4426-95a1-23fbe7eac736/snapshotimagehandler_222952916.jpeg?h=225&w=225
Tesco Irish Boneless Loin Pork Chops 523G,€3.69,,€7.06/kg,https://www.tesco.ie/groceries/en-IE/products/304365448,https://digitalcontent.api.tesco.com/v2/media/ghs/061d4ef4-446d-4bbe-8c4c-e5dfa09b746a/snapshotimagehandler_1928770755.jpeg?h=225&w=225
Tesco Irish Pork Steak 600G,€5.00,€4.50 Clubcard Price,€8.33/kg,https://www.tesco.ie/groceries/en-IE/products/304732112,https://digitalcontent.api.tesco.com/v2/media/ghs/36174475-01a3-423f-918d-e6c5944417ca/7cb0deff-465c-4c53-8051-8cb22a55c497_1592972961.jpeg?h=225&w=225
Tesco Finest Pork Sausages 454G,€2.99,Any 2 for €5 Clubcard Price - Selected Tesco Finest* Standard Bacon Or Finest Sausage,€6.59/kg,https://www.tesco.ie/groceries/en-IE/products/267332273,https://digitalcontent.api.tesco.com/v2/media/ghs/787cb755-3052-47a6-b7e6-4dfe05f25d93/snapshotimagehandler_934699747.jpeg?h=225&w=225
Tesco Irish Chicken Breast Fillet Portions 945G,€13.00,€12.00 Clubcard Price,€13.76/kg,https://www.tesco.ie/groceries/en-IE/products/313162922,https://digitalcontent.api.tesco.com/v2/media/ghs/11cfc668-a474-4185-b65f-1b09bda5db94/99e0d5bd-feca-4eb2-988e-d14030042baf_1089043277.jpeg?h=225&w=225
Tesco Finest Irish Angus Quarter Pounde Beef Burger 454G,€4.25,,€9.36/kg,https://www.tesco.ie/groceries/en-IE/products/273287484,https://digitalcontent.api.tesco.com/v2/media/ghs/fb87420d-3818-43e5-86da-736f8738b304/84afcba7-9a38-4171-a714-0f937745106f_1847030086.jpeg?h=225&w=225
Tesco Finest Unsmoked Dry Cured Irish Rashers 240G,€2.99,Any 2 for €5 Clubcard Price - Selected Tesco Finest* Standard Bacon Or Finest Sausage,€12.46/kg,https://www.tesco.ie/groceries/en-IE/products/293439730,https://digitalcontent.api.tesco.com/v2/media/ghs/080e2470-66ea-43d9-bd0e-cb8f2ab8a8de/f94d561a-f1a0-4172-a215-4318a12a2db0_878176396.jpeg?h=225&w=225
Tesco Irish Beef Mince 18% Fat 1.028Kg,€4.49,,€4.37/kg,https://www.tesco.ie/groceries/en-IE/products/303433646,https://digitalcontent.api.tesco.com/v2/media/ghs/4fc19f8f-1e0f-4e4f-a2bf-aee4e410b21f/snapshotimagehandler_1951306403.jpeg?h=225&w=225
Tesco Irish Chicken Breast Fillets 291G,€3.85,,€13.23/kg,https://www.tesco.ie/groceries/en-IE/products/314095625,https://digitalcontent.api.tesco.com/v2/media/ghs/eff9d625-134f-4381-bf4b-fb82a8b1743f/5a312ea8-bd14-4d7a-bdf0-c2da9758432b_2031963981.jpeg?h=225&w=225
Tesco Irish Thin Sliced Steak 300G,€5.00,"Any 3 for €10 Clubcard Price - Selected Meat, Fish Or Poultry Products",€16.67/kg,https://www.tesco.ie/groceries/en-IE/products/286866931,https://digitalcontent.api.tesco.com/v2/media/ghs/798b93bd-b0ba-4855-92c4-f21255f90876/snapshotimagehandler_2020646419.jpeg?h=225&w=225
Tesco Smoked Irish Back Bacon Rashers 502G,€3.10,,€6.18/kg,https://www.tesco.ie/groceries/en-IE/products/302431045,https://digitalcontent.api.tesco.com/v2/media/ghs/732e930a-259f-4033-a738-c669d378e0f3/snapshotimagehandler_1838295639.jpeg?h=225&w=225
Tesco Irish Beef Striploin Steak 454G,€7.00,,€15.42/kg,https://www.tesco.ie/groceries/en-IE/products/302441027,https://digitalcontent.api.tesco.com/v2/media/ghs/fdc5826e-79fb-4116-84fe-0dc903fd98b6/snapshotimagehandler_2075673583.jpeg?h=225&w=225
Tesco Fresh Whole Chicken Medium 1.50Kg,€4.68,,€3.12/kg,https://www.tesco.ie/groceries/en-IE/products/290037824,https://digitalcontent.api.tesco.com/v2/media/ghs/5d68eac4-ccd4-48ea-b310-ee0deda4cbe4/snapshotimagehandler_253905883.jpeg?h=225&w=225
Tesco Southern Fried Chicken Goujons 540G,€4.15,"Any 3 for €10 Clubcard Price - Selected Meat, Fish Or Poultry Products",€7.68/kg,https://www.tesco.ie/groceries/en-IE/products/285091944,https://digitalcontent.api.tesco.com/v2/media/ghs/9853cec8-981e-41e3-9076-77d76751a1fb/snapshotimagehandler_1320290968.jpeg?h=225&w=225
Tesco Finest 2 Irish Angus 6Oz Beef Burgers 340G,€3.50,"Any 3 for €10 Clubcard Price - Selected Meat, Fish Or Poultry Products",€10.29/kg,https://www.tesco.ie/groceries/en-IE/products/311253417,https://digitalcontent.api.tesco.com/v2/media/ghs/2137a777-1829-4974-b006-5ad678396553/7f09f205-d2b7-4879-997b-ff784fda8a06_1648246132.jpeg?h=225&w=225
Tesco Finest Pork Cocktail Sausages 454G,€2.99,Any 2 for €5 Clubcard Price - Selected Tesco Finest* Standard Bacon Or Finest Sausage,€6.59/kg,https://www.tesco.ie/groceries/en-IE/products/285452011,https://digitalcontent.api.tesco.com/v2/media/ghs/5ad37332-6d32-4157-bedb-d17f5e13f5a4/snapshotimagehandler_1970012816.jpeg?h=225&w=225
Tesco Irish Unsmoked Bacon Lardons180g,€1.39,,€7.72/kg,https://www.tesco.ie/groceries/en-IE/products/292961596,https://digitalcontent.api.tesco.com/v2/media/ghs/9075e50a-8f15-4aab-85a3-4a7f925218b7/snapshotimagehandler_773093027.jpeg?h=225&w=225
Tesco Irish Beef Mince 355G 18% Fat,€2.75,€2.50 Clubcard Price,€7.75/kg,https://www.tesco.ie/groceries/en-IE/products/298004177,https://digitalcontent.api.tesco.com/v2/media/ghs/74d87956-d16b-499f-b179-4a9d8f05d197/snapshotimagehandler_625859725.jpeg?h=225&w=225
Tesco Irish Family Meatball Pack 720G,€4.50,,€6.25/kg,https://www.tesco.ie/groceries/en-IE/products/290456973,https://digitalcontent.api.tesco.com/v2/media/ghs/42602150-fb09-41f8-b358-6cbf5e319e34/snapshotimagehandler_1316299915.jpeg?h=225&w=225
Clonakilty Pork Sausages 227G Promotion Pack,€2.30,,€10.13/kg,https://www.tesco.ie/groceries/en-IE/products/258333942,https://digitalcontent.api.tesco.com/v2/media/ghs-mktg/b0b04216-fa73-466d-a9d7-c9fcfa1ce9b3/no-image.jpeg
Tesco Oyster Thigh 1.075Kg,€4.15,,€3.46/kg,https://www.tesco.ie/groceries/en-IE/products/301965964,https://digitalcontent.api.tesco.com/v2/media/ghs/51c42c3f-bb53-4d37-9225-bcff4096131e/snapshotimagehandler_1629608058.jpeg?h=225&w=225
Tesco Sage And Onion Stuffed Chicken Cook In Bag1.5Kg,€6.00,,€4.00/kg,https://www.tesco.ie/groceries/en-IE/products/291046980,https://digitalcontent.api.tesco.com/v2/media/ghs/8d231c3e-b856-4ccb-80b7-633b5fd786da/snapshotimagehandler_832413666.jpeg?h=225&w=225
Tesco Finest White Pudding 300G,€1.20,,€4.00/kg,https://www.tesco.ie/groceries/en-IE/products/285314446,https://digitalcontent.api.tesco.com/v2/media/ghs/bf117dcd-3206-4c0b-8587-61f26cab20aa/snapshotimagehandler_800607141.jpeg?h=225&w=225
Tesco Irish Unsmoked Ham Fillet 0.186Kg-0.990Kg,€9.27,€6.88 per kg Clubcard Price,€10.27/kg,https://www.tesco.ie/groceries/en-IE/products/314819813,https://digitalcontent.api.tesco.com/v2/media/ghs/d75e5e10-1701-45bb-9704-590eae98fd23/4c913050-8662-4520-ba82-8c4af7bcd932_1618385002.jpeg?h=225&w=225
Ballyfree Turkey Sausages 240G,€3.75,,€15.62/kg,https://www.tesco.ie/groceries/en-IE/products/260938646,https://digitalcontent.api.tesco.com/v2/media/ghs/f8426d52-4a54-471b-803f-6e39f7b26d77/1ced7618-df23-40d6-828f-1e944996aac1.jpeg?h=225&w=225
Tesco Irish Striploin Steak 616G,Currently out of stock,,,https://www.tesco.ie/groceries/en-IE/products/299156323,https://digitalcontent.api.tesco.com/v2/media/ghs/27850e11-b440-4ef8-911b-4c362f23d2f9/snapshotimagehandler_1517746186.jpeg?h=225&w=225
Tesco 4 Quarter Pounder Irish Beef Burgers 454G,€3.60,"Any 3 for €10 Clubcard Price - Selected Meat, Fish Or Poultry Products",€7.93/kg,https://www.tesco.ie/groceries/en-IE/products/307159360,https://digitalcontent.api.tesco.com/v2/media/ghs/5d0cc9df-f862-4dda-b667-904bb53ac5e2/3c1ea0a1-2af5-4e00-a490-6f968dbe0f4b_1923150995.jpeg?h=225&w=225
Tesco Free Range Irish Chicken Breast Fillets 454G,€7.99,,€17.60/kg,https://www.tesco.ie/groceries/en-IE/products/314425720,https://digitalcontent.api.tesco.com/v2/media/ghs/c2ddcf98-3051-4878-b6db-e8e84a536eee/78cb7aad-56e1-4a2a-a6df-f22623912e49_1972775492.jpeg?h=225&w=225
Tesco Unsmoked Irish Back Bacon Rashers 502G,€3.10,,€6.18/kg,https://www.tesco.ie/groceries/en-IE/products/302430949,https://digitalcontent.api.tesco.com/v2/media/ghs/acff6c7f-8294-4d10-85ba-d862ee1fa9a5/snapshotimagehandler_842028692.jpeg?h=225&w=225
Tesco Finest* Irish Angus Striploin Steak 454G,€10.89,,€23.99/kg,https://www.tesco.ie/groceries/en-IE/products/290340194,https://digitalcontent.api.tesco.com/v2/media/ghs/5991d3c8-6950-4493-ab60-3158f3b5b28a/aa96829e-d10a-46ec-855c-8542f39d10d9_2143103533.jpeg?h=225&w=225
Tesco Irish Chicken Drumsticks 950G,€3.50,€3.20 Clubcard Price,€3.68/kg,https://www.tesco.ie/groceries/en-IE/products/313511994,https://digitalcontent.api.tesco.com/v2/media/ghs/2219a071-9213-426f-bbf2-996c3b88e9e4/61eedc1c-378a-44e7-b043-6b82d697a66a_877310564.jpeg?h=225&w=225
Tesco Irish Beef Stir Fry 350G,€3.72,,€10.63/kg,https://www.tesco.ie/groceries/en-IE/products/303484809,https://digitalcontent.api.tesco.com/v2/media/ghs/4b83a2d2-31f6-4e08-8d68-a60c1015d1f0/snapshotimagehandler_597044790.jpeg?h=225&w=225
Tesco Irish Beef Burgers 600G,€4.00,"Any 3 for €10 Clubcard Price - Selected Meat, Fish Or Poultry Products",€6.67/kg,https://www.tesco.ie/groceries/en-IE/products/285130571,https://digitalcontent.api.tesco.com/v2/media/ghs/20eeaa22-5710-4849-b134-39b4a92fc5a7/4f35490a-b8cc-4b52-923c-51e798cc5248_1389547948.jpeg?h=225&w=225
Tesco Breaded Chicken Mini Fillets 305G,€3.00,,€9.84/kg,https://www.tesco.ie/groceries/en-IE/products/264566899,https://digitalcontent.api.tesco.com/v2/media/ghs/c46909bc-c55f-45b5-8be0-2f0fa0c5523c/f4e392a4-3548-4230-8666-e5f796d28089.jpeg?h=225&w=225
Tesco Standard White Pudding 200G,€0.55,,€2.75/kg,https://www.tesco.ie/groceries/en-IE/products/293015490,https://digitalcontent.api.tesco.com/v2/media/ghs/1b475573-af71-4cfc-af0a-1e3c45e65852/snapshotimagehandler_62204406.jpeg?h=225&w=225
Oak Park Smoked Turkey Rashers 150G,€2.79,€2.00 Clubcard Price,€18.60/kg,https://www.tesco.ie/groceries/en-IE/products/303146554,https://digitalcontent.api.tesco.com/v2/media/ghs/4e1f8e72-ffad-4617-be27-904b60683a9b/624dcd6f-8ef2-4f48-a615-ab4d3b87bb7a_1838092468.jpeg?h=225&w=225
Denny 16 Skinless Sausages 454G,€3.50,,€7.71/kg,https://www.tesco.ie/groceries/en-IE/products/250820205,https://digitalcontent.api.tesco.com/v2/media/ghs/5807e577-67f9-4745-934d-c968a0d2ca67/18aa7557-6315-46ba-99a6-15323f140c6e_416896266.jpeg?h=225&w=225
Tesco Lean Irish Pork Mince 7 % Fat 400G,€3.75,"Any 3 for €10 Clubcard Price - Selected Meat, Fish Or Poultry Products",€9.38/kg,https://www.tesco.ie/groceries/en-IE/products/295852513,https://digitalcontent.api.tesco.com/v2/media/ghs/2df2c30d-beeb-479a-975f-a06369deb1be/snapshotimagehandler_2092251419.jpeg?h=225&w=225
Tesco Irish Reduced Fat Beef Meatballs 349G,€3.50,,€10.03/kg,https://www.tesco.ie/groceries/en-IE/products/295087606,https://digitalcontent.api.tesco.com/v2/media/ghs/1a3ba46f-bb4c-4295-ab8b-47a812c8658c/d2d94cf4-4eaf-4601-812c-443ea28cd30d_214676221.jpeg?h=225&w=225
Clonakilty White Pudding Chub 280G,€2.90,€2.40 Clubcard Price,€10.36/kg,https://www.tesco.ie/groceries/en-IE/products/250220748,https://digitalcontent.api.tesco.com/v2/media/ghs/f316d88a-8ec3-4633-a7be-7835b9f7c5f6/f7c8757a-0d97-40d5-b1d4-f228c89b2857_1413892491.jpeg?h=225&w=225
Kearns Pork Sausages 227G,€2.10,,€9.25/kg,https://www.tesco.ie/groceries/en-IE/products/254073224,https://digitalcontent.api.tesco.com/v2/media/ghs/83a846f0-0b4b-4c0e-9d66-aa16d06df445/a75331f8-645c-4151-800c-dfa01a619e39_110186403.jpeg?h=225&w=225
Tesco Finest* 6 Irish Pork And Apple Sausages 454G,€2.99,Any 2 for €5 Clubcard Price - Selected Tesco Finest* Standard Bacon Or Finest Sausage,€6.59/kg,https://www.tesco.ie/groceries/en-IE/products/280304472,https://digitalcontent.api.tesco.com/v2/media/ghs/13a94843-4002-47cd-96d9-add65a08c3ed/snapshotimagehandler_1183561009.jpeg?h=225&w=225
Sicin Sasta Free Range Irish Chicken Breast Fillets 500G,Currently out of stock,,,https://www.tesco.ie/groceries/en-IE/products/308475571,https://digitalcontent.api.tesco.com/v2/media/ghs/a874ee9b-e99b-4441-b26c-5dc304af0dba/snapshotimagehandler_1640289313.jpeg?h=225&w=225
Tesco Irish Pork Sausages 227G,€1.20,,€5.29/kg,https://www.tesco.ie/groceries/en-IE/products/277512644,https://digitalcontent.api.tesco.com/v2/media/ghs/3d8dd0e4-8b97-4f78-8cfe-41ce4dfd562e/snapshotimagehandler_2030640170.jpeg?h=225&w=225
Tesco Finest* Irish Angus Lean Beef Fat 755G,€7.00,,€9.27/kg,https://www.tesco.ie/groceries/en-IE/products/303846048,https://digitalcontent.api.tesco.com/v2/media/ghs/8de807ad-f44f-4b9b-bbca-2bdb4df0b888/b4d4f825-5a9b-4a7e-bfbc-ccc1f1bd43b7_28411608.jpeg?h=225&w=225
Tesco Irish Beef Fillet Steak 330G,€10.50,,€31.82/kg,https://www.tesco.ie/groceries/en-IE/products/294163679,https://digitalcontent.api.tesco.com/v2/media/ghs/0ede3acc-8030-448f-9537-2cfa1a6c1ba1/snapshotimagehandler_796689942.jpeg?h=225&w=225
Tesco Irishjumbo Pork Sausages 454G,€1.95,,€4.30/kg,https://www.tesco.ie/groceries/en-IE/products/277513142,https://digitalcontent.api.tesco.com/v2/media/ghs/db0175c5-cce9-4d75-9874-c20b76d00769/snapshotimagehandler_732061993.jpeg?h=225&w=225
Mp Garlic And Herb Kiev 2'S 260G-Promo,€3.75,€2.50 Clubcard Price,€14.42/kg,https://www.tesco.ie/groceries/en-IE/products/290963257,https://digitalcontent.api.tesco.com/v2/media/ghs/3145b8a2-bf58-4989-80f7-d0dff1cdbd22/snapshotimagehandler_1492852804.jpeg?h=225&w=225
Tesco Irish Unsmoked Back Bacon Joint 1.122Kg-1.690G,€7.03,,€5.00/kg,https://www.tesco.ie/groceries/en-IE/products/315067554,https://digitalcontent.api.tesco.com/v2/media/ghs/ce00006a-3178-4697-8a9f-bd3ded7773e4/50973fde-c478-4125-b5f1-7cdfd43e5ad0_277950382.jpeg?h=225&w=225
Tesco Finest Black Pudding 300G,€1.20,,€4.00/kg,https://www.tesco.ie/groceries/en-IE/products/285314331,https://digitalcontent.api.tesco.com/v2/media/ghs/08a66504-6a58-442f-b6c4-225520320356/snapshotimagehandler_688796146.jpeg?h=225&w=225
Tesco Southern Fried Breaded Chicken Mini Fillets 305G,€3.00,,€9.84/kg,https://www.tesco.ie/groceries/en-IE/products/264566997,https://digitalcontent.api.tesco.com/v2/media/ghs/28a1fa60-f426-484a-b8bf-eab99e298ba6/268f4385-f106-4b9b-8ae6-abce7c90d24d.jpeg?h=225&w=225
Tesco 2 Cheese & Bacon Chicken Kiev 260G,€1.69,,€6.50/kg,https://www.tesco.ie/groceries/en-IE/products/304406482,https://digitalcontent.api.tesco.com/v2/media/ghs/87a8dae9-aeca-4d5d-827d-757eb124d384/1495f138-6f97-41fe-a48f-a347d589040f.jpeg?h=225&w=225
Oak Park American Style Streaky Rasher 170G,€2.50,,€14.71/kg,https://www.tesco.ie/groceries/en-IE/products/294238690,https://digitalcontent.api.tesco.com/v2/media/ghs/8220ceeb-5e43-4b4c-91cb-5d8b8a75bbed/613ea433-27f0-4800-969e-7baa439d1009_1296505803.jpeg?h=225&w=225
Tesco Mid Prime Chicken Wings 750G,€2.80,,€3.50/kg,https://www.tesco.ie/groceries/en-IE/products/300387709,https://digitalcontent.api.tesco.com/v2/media/ghs/9342baa3-e6ac-404d-aafc-f7fbdbd06df3/snapshotimagehandler_936574161.jpeg?h=225&w=225
Tesco 32 Irish Pork Cocktail Sausages 454G,€1.85,,€4.08/kg,https://www.tesco.ie/groceries/en-IE/products/268835523,https://digitalcontent.api.tesco.com/v2/media/ghs/b63d16ba-0e84-409c-a4ec-b150200fbb68/snapshotimagehandler_1324590914.jpeg?h=225&w=225
Denny Cap Traditional Rashers 200G Price Marked -Promo,€3.50,,€17.50/kg,https://www.tesco.ie/groceries/en-IE/products/303087829,https://digitalcontent.api.tesco.com/v2/media/ghs/183a78ae-772d-44a4-b292-42a3b62ba29a/f4cff726-b23f-44e1-9f1d-c07665dfae79_1836679437.jpeg?h=225&w=225
Tesco Irish Boneless Pork Loin Chops 874G,€6.00,,€6.86/kg,https://www.tesco.ie/groceries/en-IE/products/302440938,https://digitalcontent.api.tesco.com/v2/media/ghs/7c3cb080-5ba2-4f51-82e0-77f908ffa8d7/snapshotimagehandler_723136791.jpeg?h=225&w=225
Tesco Piri Piri Irish Beef Sizzle Steaks 360G,€4.50,"Any 3 for €10 Clubcard Price - Selected Meat, Fish Or Poultry Products",€12.50/kg,https://www.tesco.ie/groceries/en-IE/products/307161759,https://digitalcontent.api.tesco.com/v2/media/ghs/5e1877eb-4c0c-4bb2-8589-944a58ec7e9e/snapshotimagehandler_1190527770.jpeg?h=225&w=225
Tesco Breaded Chicken Steaks 4 Pack 505G,€3.00,€2.50 Clubcard Price,€5.94/kg,https://www.tesco.ie/groceries/en-IE/products/264567506,https://digitalcontent.api.tesco.com/v2/media/ghs/73e072a3-c782-4132-a719-84a2abf43f10/ff9b0ed3-3c78-4491-bb49-412d69f38f17.jpeg?h=225&w=225
Tesco Beef Steak Mince 10% Fat 816G,€6.00,,€7.35/kg,https://www.tesco.ie/groceries/en-IE/products/303846002,https://digitalcontent.api.tesco.com/v2/media/ghs/47458179-6691-45bf-8a5e-cdadfb13c406/snapshotimagehandler_1158109336.jpeg?h=225&w=225
Kearns Pork Sausages 454G,€3.89,,€8.57/kg,https://www.tesco.ie/groceries/en-IE/products/254073282,https://digitalcontent.api.tesco.com/v2/media/ghs/7c8e30df-2547-46cc-b0f2-e85363212b31/a7d66a6c-491b-40f4-bf3f-62a660c40f36_325173637.jpeg?h=225&w=225
Oak Park Turkey Pudding 6 Slices 180G,€2.50,€2.00 Clubcard Price,€13.89/kg,https://www.tesco.ie/groceries/en-IE/products/310676327,https://digitalcontent.api.tesco.com/v2/media/ghs/37682c4a-40b6-4b5f-9385-c3c32c5970ac/2c48817e-5a42-4763-adcb-dc136897b6b6_583575945.jpeg?h=225&w=225
Galtee Value Unsmoked 10 Cap Rashers 300G,€3.00,,€10.00/kg,https://www.tesco.ie/groceries/en-IE/products/277662327,https://digitalcontent.api.tesco.com/v2/media/ghs/8bdb4e95-be49-48a5-a51b-7604682ec859/ab7d4e61-6270-4c40-8e09-45e4bd871534_1320864069.jpeg?h=225&w=225
Denny 8 Skinless Sausages 227G,€1.99,,€8.77/kg,https://www.tesco.ie/groceries/en-IE/products/250820165,https://digitalcontent.api.tesco.com/v2/media/ghs/e9a5b78a-f860-4347-8bf1-69d73e4efb18/763258d9-2709-45e7-9d1e-a9bf3cac7a44_1965022042.jpeg?h=225&w=225
Tesco Southern Fried Breaded Chicken Steaks 4 Pack 505G,€3.00,€2.50 Clubcard Price,€5.94/kg,https://www.tesco.ie/groceries/en-IE/products/264567593,https://digitalcontent.api.tesco.com/v2/media/ghs/b9d8119b-7735-4071-b2d2-e2ae57d0e4d4/b5b70644-9b01-4f1c-a792-b2816ab8e815.jpeg?h=225&w=225
Tesco Irish Beef Ribeye Steak 454G,€8.50,,€18.72/kg,https://www.tesco.ie/groceries/en-IE/products/302441148,https://digitalcontent.api.tesco.com/v2/media/ghs/bd8b51d6-50d8-4027-a503-eb70779682a1/snapshotimagehandler_1097158635.jpeg?h=225&w=225
Tesco Irish Beef Sirloin Steak 513G,Currently out of stock,,,https://www.tesco.ie/groceries/en-IE/products/302463485,https://digitalcontent.api.tesco.com/v2/media/ghs/a8ebb403-f13b-4b74-8782-f3d10f8e8b65/snapshotimagehandler_1483752358.jpeg?h=225&w=225
Mccagheys Turkey Breast Mince 400G,€5.00,,€12.50/kg,https://www.tesco.ie/groceries/en-IE/products/285859613,https://digitalcontent.api.tesco.com/v2/media/ghs/8bdc56f3-45a5-41d4-8114-9038b7e59da1/d2acde81-2a60-48f9-be85-ba71eb4e9380.jpeg?h=225&w=225
Finne Brogue Smoked 12 Naked Streaky Bacon 200G,€3.89,,€19.45/kg,https://www.tesco.ie/groceries/en-IE/products/302479979,https://digitalcontent.api.tesco.com/v2/media/ghs/91487b3b-2da4-4087-a2ac-76b4710cfea6/1f6683ca-2d5b-45f7-bd19-b89bd3e6ee95_105408072.jpeg?h=225&w=225
Tesco Organic 5% Fat Mince 380G,€5.80,,€15.26/kg,https://www.tesco.ie/groceries/en-IE/products/304032290,https://digitalcontent.api.tesco.com/v2/media/ghs/b71873b8-a30a-4524-a92f-53b2c8410e09/snapshotimagehandler_434015694.jpeg?h=225&w=225
Tesco Irish Unsmoked Back Bacon Joint 0.670Kg-1.290Kg,€8.21,€6.27 per kg Clubcard Price,€9.36/kg,https://www.tesco.ie/groceries/en-IE/products/314951373,https://digitalcontent.api.tesco.com/v2/media/ghs/a83396b8-5d25-4dc2-9ae9-a675a443947c/2e174984-b233-41e7-a756-38f90efa1097_1562520949.jpeg?h=225&w=225
Tesco Irish Stewing Beef 454G,€4.30,€3.80 Clubcard Price,€9.47/kg,https://www.tesco.ie/groceries/en-IE/products/286057495,https://digitalcontent.api.tesco.com/v2/media/ghs/b9d95ac1-6a46-49b4-9865-1c408dbd4bea/snapshotimagehandler_70964103.jpeg?h=225&w=225
Hodgins Traditional Sausages 227G,€1.69,,€7.44/kg,https://www.tesco.ie/groceries/en-IE/products/260091435,https://digitalcontent.api.tesco.com/v2/media/ghs/cf8c5046-41da-479c-b422-20204061d9e1/a345f520-8cef-4984-8b0b-25d25851ca2b_180058189.jpeg?h=225&w=225
Tesco Chicken Part Boned Breast 340G,€4.00,"Any 3 for €10 Clubcard Price - Selected Meat, Fish Or Poultry Products",€11.76/kg,https://www.tesco.ie/groceries/en-IE/products/275502331,https://digitalcontent.api.tesco.com/v2/media/ghs-mktg/b0b04216-fa73-466d-a9d7-c9fcfa1ce9b3/no-image.jpeg
Tesco Finest* Beechwood Smkdrycuredirish Rashers 240G,€2.99,Any 2 for €5 Clubcard Price - Selected Tesco Finest* Standard Bacon Or Finest Sausage,€12.46/kg,https://www.tesco.ie/groceries/en-IE/products/293439505,https://digitalcontent.api.tesco.com/v2/media/ghs/0314b756-7a5e-46a1-96a8-392ce74ac382/58989000-fa54-4ee6-96b7-123bb66aad83_1145508295.jpeg?h=225&w=225
Rudds White Pudding 280G,€2.39,,€8.54/kg,https://www.tesco.ie/groceries/en-IE/products/268469904,https://digitalcontent.api.tesco.com/v2/media/ghs/ca1e8e59-6494-4b4c-847e-ed1eddaf7b98/71794430-0f91-4dae-aa46-6a87069c3051_1469144135.jpeg?h=225&w=225
Tesco Finest Unsmoked Dry Cured Streaky Rashers 240G,€2.99,Any 2 for €5 Clubcard Price - Selected Tesco Finest* Standard Bacon Or Finest Sausage,€12.46/kg,https://www.tesco.ie/groceries/en-IE/products/293625037,https://digitalcontent.api.tesco.com/v2/media/ghs/62521aea-b2e1-4202-a36d-678c86e347d7/f17e84a5-d17a-4f91-9f03-be21f943a211_796467177.jpeg?h=225&w=225
Tesco Finest* Irish Angus Ribeye Steak 454G,€11.99,,€26.41/kg,https://www.tesco.ie/groceries/en-IE/products/298232380,https://digitalcontent.api.tesco.com/v2/media/ghs/b95ebd3a-b57c-43d7-ba47-86ce20ed8416/fcca92bf-2f10-42a6-8efc-1139db990e47_400866310.jpeg?h=225&w=225
Tesco Irish Lamb Mince 15% Fat 533G,€4.80,,€9.01/kg,https://www.tesco.ie/groceries/en-IE/products/302460959,https://digitalcontent.api.tesco.com/v2/media/ghs/f86a573d-7ea0-4d9e-8bfc-63edc9478331/snapshotimagehandler_1332419419.jpeg?h=225&w=225
Tesco Irish Beef And Pork Bolognese Mince 400G,€3.50,"Any 3 for €10 Clubcard Price - Selected Meat, Fish Or Poultry Products",€8.75/kg,https://www.tesco.ie/groceries/en-IE/products/315228704,https://digitalcontent.api.tesco.com/v2/media/ghs/60bf989e-2bb4-4311-b177-08ef6dfdcb3f/ce3c22b3-9e17-450d-b38f-b681c0841301_1513217290.jpeg?h=225&w=225
Tesco Finest Bchwd Smoked Dry Crd Streaky Rashers 240G,€2.99,Any 2 for €5 Clubcard Price - Selected Tesco Finest* Standard Bacon Or Finest Sausage,€12.46/kg,https://www.tesco.ie/groceries/en-IE/products/293625050,https://digitalcontent.api.tesco.com/v2/media/ghs/83040c40-e782-4fbb-b647-9e867cf82e12/15b974f6-fbb3-4699-96ac-dc28c4034258_1127270204.jpeg?h=225&w=225
Tesco Pork Mince 800G,€4.83,€4.33 Clubcard Price,€6.04/kg,https://www.tesco.ie/groceries/en-IE/products/284998213,https://digitalcontent.api.tesco.com/v2/media/ghs/a5f52f3c-87e9-4e90-acb6-906873a5236a/snapshotimagehandler_1548473003.jpeg?h=225&w=225
Tesco Irish Diced Stewing Beef 600G,€6.50,,€10.83/kg,https://www.tesco.ie/groceries/en-IE/products/304723774,https://digitalcontent.api.tesco.com/v2/media/ghs/9dc29cb7-44a6-4ead-ac9e-9bf9bfc16dc6/snapshotimagehandler_1165306394.jpeg?h=225&w=225
Tesco Standard Black Pudding 200G,€0.55,,€2.75/kg,https://www.tesco.ie/groceries/en-IE/products/293015609,https://digitalcontent.api.tesco.com/v2/media/ghs/29479ae9-ed94-4a7d-87c7-068e2ed64dec/snapshotimagehandler_886081180.jpeg?h=225&w=225
Tesco Finest Corn Fed Fillets 375G,€7.00,€6.00 Clubcard Price,€18.67/kg,https://www.tesco.ie/groceries/en-IE/products/292620107,https://digitalcontent.api.tesco.com/v2/media/ghs/b9950fad-884e-4833-abc4-02b6b6ceaf1c/16dbc34a-2c9c-4a47-b7b6-f7e239309121_1332123432.jpeg?h=225&w=225
Tesco Finest* Irish 6 Cumberland Sausages 454G,€2.99,Any 2 for €5 Clubcard Price - Selected Tesco Finest* Standard Bacon Or Finest Sausage,€6.59/kg,https://www.tesco.ie/groceries/en-IE/products/280304564,https://digitalcontent.api.tesco.com/v2/media/ghs/3c2cc055-b291-496a-9f3a-9df0f14d1000/snapshotimagehandler_617398227.jpeg?h=225&w=225
Tesco Irish Healthy Living Lamb Escalopes 300G,€5.50,€5.00 Clubcard Price,€18.33/kg,https://www.tesco.ie/groceries/en-IE/products/283230292,https://digitalcontent.api.tesco.com/v2/media/ghs/46706f2b-04f5-41e7-b316-9f75b0c6d44f/snapshotimagehandler_350694344.jpeg?h=225&w=225
Tesco Free Range Fillets 680G,€11.75,,€17.28/kg,https://www.tesco.ie/groceries/en-IE/products/304335444,https://digitalcontent.api.tesco.com/v2/media/ghs/01429119-84f0-4c7a-9788-0fb943e65db1/snapshotimagehandler_1369262449.jpeg?h=225&w=225
Rudds Black Pudding 280G,€2.39,,€8.54/kg,https://www.tesco.ie/groceries/en-IE/products/268469893,https://digitalcontent.api.tesco.com/v2/media/ghs/05be8f85-af26-401c-ac88-76d47110880e/90919fc1-6141-49a7-8598-6e435456d3f2_1640331326.jpeg?h=225&w=225
Tesco Irish Beef Steak Mince 10% Fat 420G,€3.00,,€7.14/kg,https://www.tesco.ie/groceries/en-IE/products/313167047,https://digitalcontent.api.tesco.com/v2/media/ghs/3bd33437-bc1d-4699-99a2-401d68b5516c/b4cb5423-612f-4e86-9d9c-72833a3610a1_891198469.jpeg?h=225&w=225
Tesco Southern Fried Breaded Chicken Fillets 300G,€3.50,,€11.67/kg,https://www.tesco.ie/groceries/en-IE/products/281260768,https://digitalcontent.api.tesco.com/v2/media/ghs/c46f2764-e5e2-4c6a-84d5-83ed332a4294/2f2aba72-3ffe-4398-b209-ff543f686704.jpeg?h=225&w=225
Denny Black Pudding 199G Promotion Pack,€1.20,,€6.03/kg,https://www.tesco.ie/groceries/en-IE/products/261155273,https://digitalcontent.api.tesco.com/v2/media/ghs-mktg/b0b04216-fa73-466d-a9d7-c9fcfa1ce9b3/no-image.jpeg
Tesco Finest* Hickory Smoked Dry Cured Rashers 240G,€2.99,Any 2 for €5 Clubcard Price - Selected Tesco Finest* Standard Bacon Or Finest Sausage,€12.46/kg,https://www.tesco.ie/groceries/en-IE/products/293439570,https://digitalcontent.api.tesco.com/v2/media/ghs/7537de79-4e2c-442e-8057-66d379581f24/2ecb1d4f-55c9-4b99-850d-d66b8323c1f8_759657951.jpeg?h=225&w=225
Moy Park Breaded Goujons Mega Pack 700G,€5.50,,€7.86/kg,https://www.tesco.ie/groceries/en-IE/products/260519778,https://digitalcontent.api.tesco.com/v2/media/ghs/b92c000c-43b1-4dd8-94dd-d4b4d3aca4d3/899642d0-d25e-40b5-8731-fd92f939a639_1227982214.jpeg?h=225&w=225
Oak Park Smoked Bacon Medallions 170G,€2.50,,€14.71/kg,https://www.tesco.ie/groceries/en-IE/products/296009434,https://digitalcontent.api.tesco.com/v2/media/ghs/ae922b07-8036-4b7b-86dd-4509d3e5a8ee/7317b904-750a-44dd-896d-3ae915b3f686_88371107.jpeg?h=225&w=225
Clonakilty Mini Puddings 260G,€3.20,,€12.31/kg,https://www.tesco.ie/groceries/en-IE/products/262258403,https://digitalcontent.api.tesco.com/v2/media/ghs/7a7bb97b-8444-4a07-8d5f-154b619b2187/8ea8acf6-89e4-46b9-b9de-d3bd47d6fc2b_1233290527.jpeg?h=225&w=225
Tesco Irish Chicken Wings 925G,€3.50,€3.20 Clubcard Price,€3.78/kg,https://www.tesco.ie/groceries/en-IE/products/313381461,https://digitalcontent.api.tesco.com/v2/media/ghs/c93407ff-9f91-453b-b7bf-cb666680f057/a5901184-4742-40ce-9b05-6ac748d9d5b3_1921235564.jpeg?h=225&w=225
Tesco Cook In Bag Irish Rotisserie Chicken 1.4Kg,€7.00,,€5.00/kg,https://www.tesco.ie/groceries/en-IE/products/294303221,https://digitalcontent.api.tesco.com/v2/media/ghs/36048fd3-2c1b-4b80-85b8-73972fe7e28f/snapshotimagehandler_1651801984.jpeg?h=225&w=225
Mccagheys Turkey Breast Mince 600G,€7.50,,€12.50/kg,https://www.tesco.ie/groceries/en-IE/products/292621112,https://digitalcontent.api.tesco.com/v2/media/ghs/09352c89-5033-44eb-9408-113a5838259b/01868b36-f507-4135-9876-f48832ce63f0.jpeg?h=225&w=225
Mallons Pork Sausages 227G,€2.10,,€9.25/kg,https://www.tesco.ie/groceries/en-IE/products/253839162,https://digitalcontent.api.tesco.com/v2/media/ghs/532fbb4f-abe4-4199-91f0-832b653fe1cd/a014a73c-9a3a-4ef3-a9f2-fac2f2dd9c49_1269292210.jpeg?h=225&w=225
Oak Park Unsmoked 6 Turkey Breast Rashers 150G,€2.79,€2.00 Clubcard Price,€18.60/kg,https://www.tesco.ie/groceries/en-IE/products/306947805,https://digitalcontent.api.tesco.com/v2/media/ghs/4a3fe129-2624-4524-bf17-52c6d4e2edb3/c2597487-6f36-4b56-b1f7-78f244bb8817_972114170.jpeg?h=225&w=225
Denny Cap Hickory Rashers 200Gx10,€3.50,,€17.50/kg,https://www.tesco.ie/groceries/en-IE/products/303015139,https://digitalcontent.api.tesco.com/v2/media/ghs/18ec5a96-0a98-477f-a1cd-2e6a1f09b867/5408f800-d7df-4e1a-a9ea-b4ecd548f588.jpeg?h=225&w=225
Tesco Chicken Legs 1229G,€3.99,,€3.25/kg,https://www.tesco.ie/groceries/en-IE/products/302515004,https://digitalcontent.api.tesco.com/v2/media/ghs/50fb315b-86c3-4210-8ac2-494cc1a37d0b/snapshotimagehandler_1046999785.jpeg?h=225&w=225
Tesco Smoked Irish Bacon Rashers 400G,€2.75,,€6.88/kg,https://www.tesco.ie/groceries/en-IE/products/303239767,https://digitalcontent.api.tesco.com/v2/media/ghs/9ebc2a19-85d1-4605-aa41-a28e9a7e140a/snapshotimagehandler_198569226.jpeg?h=225&w=225
Tesco Free Range Chicken Fillet 300G,€6.00,,€20.00/kg,https://www.tesco.ie/groceries/en-IE/products/304330426,https://digitalcontent.api.tesco.com/v2/media/ghs/169ab4f2-223b-47a9-b104-fd4cf526b527/c3f850e1-07df-4280-aa5d-9711fd604d3d_1201889799.jpeg?h=225&w=225
Tesco Unsmoked Irish Bacon Rashers 400G,€2.75,,€6.88/kg,https://www.tesco.ie/groceries/en-IE/products/303239387,https://digitalcontent.api.tesco.com/v2/media/ghs/9f37c092-1d22-4ddb-818f-a71e8db8e92b/snapshotimagehandler_582150127.jpeg?h=225&w=225
Tesco Irish Beef Medallion 381G,€5.50,€5.00 Clubcard Price,€14.44/kg,https://www.tesco.ie/groceries/en-IE/products/298010371,https://digitalcontent.api.tesco.com/v2/media/ghs/c0a20966-78fe-43fb-bc55-c14321cd235d/snapshotimagehandler_705362083.jpeg?h=225&w=225
Ballyfree Smoked 6 Turkey Rashers 150G,€3.75,,€25.00/kg,https://www.tesco.ie/groceries/en-IE/products/285778372,https://digitalcontent.api.tesco.com/v2/media/ghs/b79994bd-b401-4afe-9e19-ddf9a459f147/fdb9cfae-ad19-482d-a4ba-2f53d8dfe5e5.jpeg?h=225&w=225
Tesco Irish Bacon Chops 800G,€6.50,€6.00 Clubcard Price,€8.12/kg,https://www.tesco.ie/groceries/en-IE/products/293459222,https://digitalcontent.api.tesco.com/v2/media/ghs/e1ae5ac1-b546-45aa-856f-0c72e7a5470b/f940d49a-6837-4571-bdc4-6c073d1eb76a_1866830078.jpeg?h=225&w=225
Tesco Irish Boneless Lamb Shoulder Chops 801G,€11.00,€10.00 Clubcard Price,€13.73/kg,https://www.tesco.ie/groceries/en-IE/products/301810226,https://digitalcontent.api.tesco.com/v2/media/ghs/05d93a61-0590-45a9-a987-fa94db991e50/snapshotimagehandler_1145949965.jpeg?h=225&w=225
Tesco Chicken Chasseur 540G,€5.00,"Any 3 for €10 Clubcard Price - Selected Meat, Fish Or Poultry Products",€9.26/kg,https://www.tesco.ie/groceries/en-IE/products/294136500,https://digitalcontent.api.tesco.com/v2/media/ghs/f64b20f0-71e0-4cc4-8153-ada1368d0f20/911fe869-59dc-4739-bd97-7682e8dd7d16_49991113.jpeg?h=225&w=225
Tesco Free Range Chicken Thighs 800G,€4.50,,€5.62/kg,https://www.tesco.ie/groceries/en-IE/products/292611470,https://digitalcontent.api.tesco.com/v2/media/ghs/7241e87a-7526-48be-824b-7f322338259a/snapshotimagehandler_2685771.jpeg?h=225&w=225
Tesco Irish Sliced Lambs Liver,€1.93,,€5.50/kg,https://www.tesco.ie/groceries/en-IE/products/264862709,https://digitalcontent.api.tesco.com/v2/media/ghs/9b1f6b62-d151-4dda-b8c1-f07ff6fd3853/snapshotimagehandler_1733272215.jpeg?h=225&w=225
Galtee Old Style Back Bacon 5'S Rashers 150G Fls,€2.00,,€13.33/kg,https://www.tesco.ie/groceries/en-IE/products/267056162,https://digitalcontent.api.tesco.com/v2/media/ghs/8e68ed67-5508-4a49-90f9-454e5237295b/00bcfe27-bfdd-428b-b568-bdb2ce2febbf_2041433914.jpeg?h=225&w=225
Galtee Value Smoked 10 Cap Rashers 300G,€3.00,,€10.00/kg,https://www.tesco.ie/groceries/en-IE/products/277662425,https://digitalcontent.api.tesco.com/v2/media/ghs/ea958cde-c8eb-49bc-b74d-3aade9335c0e/75045115-d2d1-454b-b9e1-d71129dfda49_1026683197.jpeg?h=225&w=225
Silver Hill Food Duck Fat 180G,€2.99,,€16.61/kg,https://www.tesco.ie/groceries/en-IE/products/299585166,https://digitalcontent.api.tesco.com/v2/media/ghs/5d0f1dd8-88fe-4caf-8774-ef04725ff0f5/9c20a443-1be7-4ef3-9721-20035e340140_1321860758.jpeg?h=225&w=225
Tesco Irish Unsmoked Bacon Eye Loin 0.663Kg-1.334Kg,€9.54,€7.69 per kg Clubcard Price,€11.48/kg,https://www.tesco.ie/groceries/en-IE/products/315055234,https://digitalcontent.api.tesco.com/v2/media/ghs/13f504d8-cdf5-4422-a9e4-4e69cd494dab/5202fb23-55fa-4b1d-8c35-fd800900f0d4_802242200.jpeg?h=225&w=225
Tesco Korean Style Pork Belly Slices 475G,€4.00,"Any 3 for €10 Clubcard Price - Selected Meat, Fish Or Poultry Products",€8.42/kg,https://www.tesco.ie/groceries/en-IE/products/310093812,https://digitalcontent.api.tesco.com/v2/media/ghs/2de31ff3-c663-4160-b547-c1588d4d66ab/aed469f4-e797-48d5-aade-ec64e0377671_1684965897.jpeg?h=225&w=225
Tesco Irish Mini Beef Round Roast 500G,€6.00,,€12.00/kg,https://www.tesco.ie/groceries/en-IE/products/302087193,https://digitalcontent.api.tesco.com/v2/media/ghs/bbb094f2-1fb6-484f-9301-7bdf9491926a/0339c6ac-3586-4c72-a6f7-de7a7bb1658d_2136676581.jpeg?h=225&w=225
Tesco Pulled Irish Pork 360G,€3.50,,€9.72/kg,https://www.tesco.ie/groceries/en-IE/products/311440619,https://digitalcontent.api.tesco.com/v2/media/ghs/de485904-1dd0-4de7-b0e3-401ac32de5bd/0b25ea9d-cf1f-49bf-8e95-b14d36c651ab_701780322.jpeg?h=225&w=225
Mallons Pork Sausages 454G,€3.89,,€8.57/kg,https://www.tesco.ie/groceries/en-IE/products/253818953,https://digitalcontent.api.tesco.com/v2/media/ghs/feb631b5-f037-4db3-b2c3-a8269f1181f3/8c1f833d-9857-460c-b312-e47372e8f40e_178927204.jpeg?h=225&w=225
Ballyfree 6 Chicken Sausages 240G,€3.75,,€15.62/kg,https://www.tesco.ie/groceries/en-IE/products/260938489,https://digitalcontent.api.tesco.com/v2/media/ghs/fc58efea-f169-496b-a95c-168f0027bf38/4c6051f3-d28a-45c1-b074-011a831997a0.jpeg?h=225&w=225
Tesco Finest Irish Corn Fed Whole Chicken 1.2Kg,€7.00,€6.00 Clubcard Price,€5.83/kg,https://www.tesco.ie/groceries/en-IE/products/314942597,https://digitalcontent.api.tesco.com/v2/media/ghs/235718aa-0c17-42a0-a957-f08abcbfb468/4fbb53b1-0fc7-46dd-b1ce-01f09d6aef2f_230002730.jpeg?h=225&w=225
The Crafty Chef S&On Stuffed Irish Chicken Supreme 555G,€6.00,Any 2 for €10 Clubcard Price - Selected Crafty Chef Or Fit Foods Or Keohane Ready To Cook,€10.81/kg,https://www.tesco.ie/groceries/en-IE/products/313172530,https://digitalcontent.api.tesco.com/v2/media/ghs/f3c263fd-28c9-4041-8f09-b70b9cbdfbf3/eb588b26-a29e-42ad-8b81-68e42d82dd2f_71396864.jpeg?h=225&w=225
Tesco Irish Lamb Loin Chops 727G,€12.50,€11.50 Clubcard Price,€17.19/kg,https://www.tesco.ie/groceries/en-IE/products/300576337,https://digitalcontent.api.tesco.com/v2/media/ghs/ce23be1a-6019-44ba-a017-e50b6e26d21b/dc2b73b4-d827-4801-98fd-74ad48a5d049_927645389.jpeg?h=225&w=225
Denny Cap Maple Rashers 200G*10 Price Marked,€3.50,,€17.50/kg,https://www.tesco.ie/groceries/en-IE/products/303087807,https://digitalcontent.api.tesco.com/v2/media/ghs/7e11a266-cee0-4174-9ed1-28ffae6978cd/2bef1f9d-4de4-4d37-8da9-2f4838592c05_1598975349.jpeg?h=225&w=225
Rudds Roulade Pudding Slice240g,€2.99,,€12.46/kg,https://www.tesco.ie/groceries/en-IE/products/268469910,https://digitalcontent.api.tesco.com/v2/media/ghs/2981a6de-467c-474c-aa2a-bbc5b5a882b2/ef22dcfc-4688-4bbf-a119-55399be5578d_601250331.jpeg?h=225&w=225
Tesco Bbq Rack Of Irish Pork Ribs 500G,€5.50,,€11.00/kg,https://www.tesco.ie/groceries/en-IE/products/311947602,https://digitalcontent.api.tesco.com/v2/media/ghs/3a725ea0-eb20-4358-b1e4-9d7ca99cf246/b95aac5c-4bdb-44d9-8272-9d9c54da0ba2_1837236511.jpeg?h=225&w=225
Tesco 6 Irish Pork Hot Dogs 600G,€4.00,"Any 3 for €10 Clubcard Price - Selected Meat, Fish Or Poultry Products",€6.67/kg,https://www.tesco.ie/groceries/en-IE/products/315468108,https://digitalcontent.api.tesco.com/v2/media/ghs/5b2a6dfa-2fff-45aa-a7b4-8541807995a6/424d070c-2baf-4a48-b859-0b19e55abece_1004867506.jpeg?h=225&w=225
O'neills Dry Cure Rashers 300G,€4.29,,€14.30/kg,https://www.tesco.ie/groceries/en-IE/products/279933804,https://digitalcontent.api.tesco.com/v2/media/ghs/b6b7ed6f-aa55-4e93-8c26-845e9e59b319/snapshotimagehandler_801364061.jpeg?h=225&w=225
Oak Park Naturally Smoked Lardons 130G,€2.00,,€15.38/kg,https://www.tesco.ie/groceries/en-IE/products/294238822,https://digitalcontent.api.tesco.com/v2/media/ghs/da5bb121-7bb5-4f62-aad3-32e87a87733c/ecfc1c8d-e807-4134-a174-bcfb6be8f969_807661016.jpeg?h=225&w=225
Denny Thin Pork Sausage 340G,€3.30,,€9.71/kg,https://www.tesco.ie/groceries/en-IE/products/272708248,https://digitalcontent.api.tesco.com/v2/media/ghs/207baee3-76a7-458b-93e0-b660889d062c/c8bf0dc3-55a2-4413-97aa-0dcfb268ab5d.jpeg?h=225&w=225
Tesco Finest Irish Angus Fillet 400G,€13.99,,€34.98/kg,https://www.tesco.ie/groceries/en-IE/products/292613250,https://digitalcontent.api.tesco.com/v2/media/ghs-mktg/b0b04216-fa73-466d-a9d7-c9fcfa1ce9b3/no-image.jpeg
Tesco Finest Irish Angus Sirloin 454G,€9.79,,€21.56/kg,https://www.tesco.ie/groceries/en-IE/products/290350010,https://digitalcontent.api.tesco.com/v2/media/ghs/d8c9489e-7942-445c-8edb-99ccbe8bed34/cf012a57-e1d2-4c6b-9b40-8b8208a0f73a_832554090.jpeg?h=225&w=225
Tesco Irish Beef Roasting Joint (1Kg - 1.4Kg),€16.80,€7.00 per kg Clubcard Price,€14.00/kg,https://www.tesco.ie/groceries/en-IE/products/304723987,https://digitalcontent.api.tesco.com/v2/media/ghs/158098ba-cdf9-4a68-8871-e8980a231f18/4b29e3aa-5281-4c5d-bd8a-a77d28bcfb19_1095418216.jpeg?h=225&w=225
Tesco Irish Housekeepers Cut (1.1 Kilograms - 1.6Kg),€14.72,,€10.90/kg,https://www.tesco.ie/groceries/en-IE/products/263295011,https://digitalcontent.api.tesco.com/v2/media/ghs/ad7ded98-9856-4c50-93db-ee4045bf0d3c/f5c350e4-39ce-40fd-92d9-3cd750d39004_1480358283.jpeg?h=225&w=225
Tesco Finest Irish Traditional Pork Sausage 272G,€1.99,,€7.32/kg,https://www.tesco.ie/groceries/en-IE/products/306131699,https://digitalcontent.api.tesco.com/v2/media/ghs/8c4947e0-adfb-4e45-a2e7-f42df8c440e8/f66ca111-8f96-4978-9ace-f350f8a3e282_1133585415.jpeg?h=225&w=225
Tesco Finest Pork Honey And Wholegrain Mustard Sausages 454G,€2.99,Any 2 for €5 Clubcard Price - Selected Tesco Finest* Standard Bacon Or Finest Sausage,€6.59/kg,https://www.tesco.ie/groceries/en-IE/products/308493779,https://digitalcontent.api.tesco.com/v2/media/ghs/a4b6690f-77c2-4901-a1d5-447857be9337/snapshotimagehandler_1576852932.jpeg?h=225&w=225
Kellys White Pudding 280G,€2.49,,€8.89/kg,https://www.tesco.ie/groceries/en-IE/products/303105845,https://digitalcontent.api.tesco.com/v2/media/ghs/63f6fa76-5319-4c32-9fd8-bba76383463b/snapshotimagehandler_504784059.jpeg?h=225&w=225
Tesco Irish Smoked Ham Fillet 1.317Kg -1.420Kg,€8.10,,€6.15/kg,https://www.tesco.ie/groceries/en-IE/products/314948395,https://digitalcontent.api.tesco.com/v2/media/ghs/f0557cbb-b782-489d-806e-c429b5194ecf/a7aee1e9-be08-48ba-8fb8-1038d0e9a2a4_451020166.jpeg?h=225&w=225
Mccagheys Turkey Breast Steaks 460G,€5.55,,€12.06/kg,https://www.tesco.ie/groceries/en-IE/products/285859383,https://digitalcontent.api.tesco.com/v2/media/ghs/54910b88-8b43-4d26-9b1b-155f76af31f0/3048f73f-b208-43c6-9fd5-9e0aeb5883ec.jpeg?h=225&w=225
Mallon's Low Fat Gluten Free Sausages 240G,€2.90,,€12.08/kg,https://www.tesco.ie/groceries/en-IE/products/277706830,https://digitalcontent.api.tesco.com/v2/media/ghs/7d32a2e6-e170-4d73-a5e0-f1f10d1130f2/4732fe4f-0224-4233-8342-6439498f328c_836588944.jpeg?h=225&w=225
Tesco Sandwich Steak 510G,€6.00,,€11.76/kg,https://www.tesco.ie/groceries/en-IE/products/302311019,https://digitalcontent.api.tesco.com/v2/media/ghs/0ce9fd80-1333-47e1-82af-f1cd9e01a806/snapshotimagehandler_1000931653.jpeg?h=225&w=225
O'neills Pork Sausages 454G,€3.49,,€7.69/kg,https://www.tesco.ie/groceries/en-IE/products/291568672,https://digitalcontent.api.tesco.com/v2/media/ghs/db831d6d-9585-49e8-9efd-ce2c6ffd9d29/snapshotimagehandler_336144987.jpeg?h=225&w=225
Denny Traditional Thick Cut Cap 240G,€4.50,,€18.75/kg,https://www.tesco.ie/groceries/en-IE/products/277661288,https://digitalcontent.api.tesco.com/v2/media/ghs/41a679ea-780c-4cf5-ad1a-38e541cddc2a/snapshotimagehandler_1990503486.jpeg?h=225&w=225
Tesco Irish Unsmoked Ham Fillet 1.428Kg-1.2132Kg,€11.99,€5.00 per kg Clubcard Price,€7.47/kg,https://www.tesco.ie/groceries/en-IE/products/315050619,https://digitalcontent.api.tesco.com/v2/media/ghs/2d7fc306-9495-4522-b5a1-6d96912963f9/3c0c7db6-fb64-4626-be9c-459ea7f0db24_935041124.jpeg?h=225&w=225
Tesco Creamy Garlic Chicken Kievs 4X130g,€2.60,,€5.00/kg,https://www.tesco.ie/groceries/en-IE/products/304379530,https://digitalcontent.api.tesco.com/v2/media/ghs/0ed8b0a4-d1b5-44c4-a9ec-125ee1a80b1d/snapshotimagehandler_1254146156.jpeg?h=225&w=225
Tesco Irish Chicken Part Boned Breast 800G,€6.99,,€8.74/kg,https://www.tesco.ie/groceries/en-IE/products/305977879,https://digitalcontent.api.tesco.com/v2/media/ghs/ed3f00b6-d333-4e2c-96b2-ace8bce5d4c2/snapshotimagehandler_2110563795.jpeg?h=225&w=225
Tesco Finest 6 Pork And Spring Onion Sausages 454G,€2.99,Any 2 for €5 Clubcard Price - Selected Tesco Finest* Standard Bacon Or Finest Sausage,€6.59/kg,https://www.tesco.ie/groceries/en-IE/products/315162562,https://digitalcontent.api.tesco.com/v2/media/ghs/d177f2d0-413c-486f-bc9d-bb95167bd9b5/9ffb14cc-0e77-4517-8600-9e70b758e74d_5790281.jpeg?h=225&w=225
Tesco Irish Beef Minute Steak 437G,€5.00,,€11.44/kg,https://www.tesco.ie/groceries/en-IE/products/302441102,https://digitalcontent.api.tesco.com/v2/media/ghs/29912f48-a97e-4d2c-b68f-8756355c5857/snapshotimagehandler_2138745918.jpeg?h=225&w=225
Loughnane's Chicken Italia Sausage 350G,€3.49,,€9.97/kg,https://www.tesco.ie/groceries/en-IE/products/302196449,https://digitalcontent.api.tesco.com/v2/media/ghs/f74f0775-e36e-4e91-bdbb-b6f996a1e3f6/fb03e5ee-d80f-4c92-9cdd-4df9e2f610aa_1283148638.jpeg?h=225&w=225
Tesco Finest Mini Pudding Chubbs 260G,€1.65,,€6.35/kg,https://www.tesco.ie/groceries/en-IE/products/293016015,https://digitalcontent.api.tesco.com/v2/media/ghs/f5a37a6b-3f7c-4903-9a83-b8df90a23dc6/snapshotimagehandler_2059418234.jpeg?h=225&w=225
Tesco 2 Beef and Pork Herb Edge Grill Steaks 284g,€3.50,"Any 3 for €10 Clubcard Price - Selected Meat, Fish Or Poultry Products",€12.32/kg,https://www.tesco.ie/groceries/en-IE/products/315358256,https://digitalcontent.api.tesco.com/v2/media/ghs/46aba713-0374-4523-be9e-7467c548c5d5/73fe2e3d-e64f-4b9a-a0ac-a0bc18cc91e9_114777572.jpeg?h=225&w=225
The Crafty Chef Creamy Tomato Basil Beef M/Bls 420G,€6.00,Any 2 for €10 Clubcard Price - Selected Crafty Chef Or Fit Foods Or Keohane Ready To Cook,€14.29/kg,https://www.tesco.ie/groceries/en-IE/products/313172553,https://digitalcontent.api.tesco.com/v2/media/ghs/a4c2ee0a-0c83-451b-a322-38779422e178/e336d520-f0ec-43b3-8b9d-8a67a3e3bd0e_261440690.jpeg?h=225&w=225
Tesco Irish Lamb Loin Chops 528G,€10.00,,€18.94/kg,https://www.tesco.ie/groceries/en-IE/products/300576429,https://digitalcontent.api.tesco.com/v2/media/ghs/d39960a0-321e-4474-bb99-39dc09a32a00/snapshotimagehandler_1090392775.jpeg?h=225&w=225
Tesco Irish Smoked Back Bacon Joint 0.969Kg-1.870Kg,€7.55,,€6.32/kg,https://www.tesco.ie/groceries/en-IE/products/315064822,https://digitalcontent.api.tesco.com/v2/media/ghs/1892aef8-4aef-46c4-be62-602c37844f75/7c981338-72b3-49c7-b262-4919b0d219cb_1510640578.jpeg?h=225&w=225
Tesco Irish Carvery Lamb Shoulder 1.4Kg,€14.00,€12.00 Clubcard Price,€10.00/kg,https://www.tesco.ie/groceries/en-IE/products/295360732,https://digitalcontent.api.tesco.com/v2/media/ghs/fa3c487d-712f-443a-a66a-918d5660d312/6992140d-fab5-464a-8107-6caabc95893e_1650696699.jpeg?h=225&w=225
Hodgins Gluten Free Sausages 454G,€3.25,,€7.16/kg,https://www.tesco.ie/groceries/en-IE/products/260527117,https://digitalcontent.api.tesco.com/v2/media/ghs/15e1f3c8-5a12-44c5-aad3-e250dc106811/091cdea9-ad1c-44ae-aed2-ca7448c3953c_689530955.jpeg?h=225&w=225
Tesco Finest 10 Reduced Fat Irish Pork Sausages 454G,€2.99,Any 2 for €5 Clubcard Price - Selected Tesco Finest* Standard Bacon Or Finest Sausage,€6.59/kg,https://www.tesco.ie/groceries/en-IE/products/312351090,https://digitalcontent.api.tesco.com/v2/media/ghs/e8f68623-ad7c-44cd-a76f-a07697a7b952/9ff9c0bc-1e03-4f92-9cb3-bb89cddde143_967146766.jpeg?h=225&w=225
Oak Park Unsmoked Bacon Medallions 170G,€2.50,,€14.71/kg,https://www.tesco.ie/groceries/en-IE/products/295983761,https://digitalcontent.api.tesco.com/v2/media/ghs/07266484-123e-4af6-a79d-65a22bb7e980/00331a5d-e5ed-4dff-bcac-b74664e8e669_88835568.jpeg?h=225&w=225
Tesco Finest Irish Pork Sausages 750G,€4.79,€4.00 Clubcard Price,€6.39/kg,https://www.tesco.ie/groceries/en-IE/products/294174332,https://digitalcontent.api.tesco.com/v2/media/ghs/d54150ba-8738-4d80-9a31-a57d253ebdd4/snapshotimagehandler_1255089482.jpeg?h=225&w=225
Hodgins Traditional Sausages 454G,€2.79,,€6.14/kg,https://www.tesco.ie/groceries/en-IE/products/260091487,https://digitalcontent.api.tesco.com/v2/media/ghs/8b5bfa75-f266-463b-9b1a-4afdf78cbed2/5ca25543-93c1-4105-a9e3-88da00125bc0_179842512.jpeg?h=225&w=225
Moy Park Breaded Mini Fillets 300G,€5.50,,€18.33/kg,https://www.tesco.ie/groceries/en-IE/products/277663522,https://digitalcontent.api.tesco.com/v2/media/ghs/52897503-ae32-491b-8394-eb1d75efdc3f/f1a8c255-4de9-4a65-81a2-9e44c742411b_2143538886.jpeg?h=225&w=225
Mccagheys Turkey Breast Fillet 900G,€8.55,,€9.50/kg,https://www.tesco.ie/groceries/en-IE/products/292664239,https://digitalcontent.api.tesco.com/v2/media/ghs/a15f5539-c23c-4750-8eba-b6eccd37bf42/5e7e9dcd-1930-4526-99a9-83c3b565b1e8.jpeg?h=225&w=225
Clonakilty Gluten Free Mini Puddings 260G,€3.20,,€12.31/kg,https://www.tesco.ie/groceries/en-IE/products/277707397,https://digitalcontent.api.tesco.com/v2/media/ghs/8939f18e-0225-489c-8015-8a6bf704d38c/02982a43-bca9-4527-bc9b-8830f91776b2_1473380460.jpeg?h=225&w=225
Rudd's Traditional Jumbo Sausages 330G,€3.30,,€10.00/kg,https://www.tesco.ie/groceries/en-IE/products/288184409,https://digitalcontent.api.tesco.com/v2/media/ghs/3203d12d-ac2b-489f-bee1-3c2e41879a8c/e60679fd-466a-4142-919e-990ff808f2f3_1971349925.jpeg?h=225&w=225
Mccagheys Turkey Meatballs 400G,€4.50,,€11.25/kg,https://www.tesco.ie/groceries/en-IE/products/300388583,https://digitalcontent.api.tesco.com/v2/media/ghs/6350f4af-90c4-4c13-9074-93f69129a3b1/c2609ac6-d789-44a7-b386-d73b1a760ad0.jpeg?h=225&w=225
Tesco Finest Irish Half Leg Of Lamb,€19.20,,€16.99/kg,https://www.tesco.ie/groceries/en-IE/products/290440536,https://digitalcontent.api.tesco.com/v2/media/ghs/ba053241-5830-4170-be5c-ceab41d69174/1ae70d0e-95e4-4f0b-b54b-bdf46ce410d3_1491561738.jpeg?h=225&w=225
Mccaghey Mixed Herb Turkey Burger 400G,€4.40,,€11.00/kg,https://www.tesco.ie/groceries/en-IE/products/306328909,https://digitalcontent.api.tesco.com/v2/media/ghs/fab1e5f6-2737-4896-a9b5-c7cbb98c8e24/snapshotimagehandler_1467799159.jpeg?h=225&w=225
Olhausens Pork Sausages 227G,Currently out of stock,,,https://www.tesco.ie/groceries/en-IE/products/254073351,https://digitalcontent.api.tesco.com/v2/media/ghs/2f80a281-4027-434e-bb59-fd6544d0f67c/81f40bc8-78d7-43ab-b717-6f33675ae528_1134746924.jpeg?h=225&w=225
The Crafty Chef Chicken Peprcrn Supreme 520G,€6.00,Any 2 for €10 Clubcard Price - Selected Crafty Chef Or Fit Foods Or Keohane Ready To Cook,€11.54/kg,https://www.tesco.ie/groceries/en-IE/products/313752230,https://digitalcontent.api.tesco.com/v2/media/ghs/53b1715c-58f2-4e49-8981-9fea2ba66251/2a9c301e-33b4-4117-a1b4-0aba4d046255_1909452475.jpeg?h=225&w=225
Tesco Irish Lamb Leg Steaks 313G,€5.50,,€17.57/kg,https://www.tesco.ie/groceries/en-IE/products/311220569,https://digitalcontent.api.tesco.com/v2/media/ghs/97eb3b72-0794-4cce-9ef3-dfc418e1c35a/11ffd01b-44a9-4274-957b-4ca154e1334e_38195963.jpeg?h=225&w=225
Naked 6 Smoked Back Bacon Rashers 200G,€3.89,,€19.45/kg,https://www.tesco.ie/groceries/en-IE/products/308497274,https://digitalcontent.api.tesco.com/v2/media/ghs/5d697cf2-2b04-47ac-a2ad-f9089b96c754/f12ac4d1-37d0-4388-86cd-5409867dbde4_2043119056.jpeg?h=225&w=225
Kellys Black Pudding 280G,€2.49,,€8.89/kg,https://www.tesco.ie/groceries/en-IE/products/303106147,https://digitalcontent.api.tesco.com/v2/media/ghs/15bcff36-71c4-40d9-bae1-8a1ce2f63d0d/snapshotimagehandler_421560568.jpeg?h=225&w=225
Tesco Irish Organic Sirloin Steak 205G,€5.75,,€28.05/kg,https://www.tesco.ie/groceries/en-IE/products/288699388,https://digitalcontent.api.tesco.com/v2/media/ghs/75202630-41d2-4aad-9634-8bbfd94cbbe0/snapshotimagehandler_506625834.jpeg?h=225&w=225
Granby Burgers 56G,€0.50,,€8.93/kg,https://www.tesco.ie/groceries/en-IE/products/250834016,https://digitalcontent.api.tesco.com/v2/media/ghs/d255dfec-e197-4782-8a56-77f528b440b2/snapshotimagehandler_2087964297.jpeg?h=225&w=225
Finne Brogue 12 Naked Unsmoked Streaky 200G,€3.89,,€19.45/kg,https://www.tesco.ie/groceries/en-IE/products/299774207,https://digitalcontent.api.tesco.com/v2/media/ghs/5b1076be-c011-450e-9140-1c8c7cb9df4d/f9435254-c6f2-4952-87b2-c5046a3594e8_1917529623.jpeg?h=225&w=225
Fit Foods 4 High Prtn Beef Burgers 500G,€6.00,Any 2 for €10 Clubcard Price - Selected Crafty Chef Or Fit Foods Or Keohane Ready To Cook,€12.00/kg,https://www.tesco.ie/groceries/en-IE/products/314590649,https://digitalcontent.api.tesco.com/v2/media/ghs/0c66e074-12b0-4396-9650-7d4c197ce15e/94b58aff-9286-4a2b-8c52-c5ff8f96be97_1933154309.jpeg?h=225&w=225
Sicin Sasta Free Range Irish Whole Chicken 1.5Kg,€8.49,,€5.66/kg,https://www.tesco.ie/groceries/en-IE/products/308464123,https://digitalcontent.api.tesco.com/v2/media/ghs/aa7e69d0-1535-4624-93da-7c8acc3de025/snapshotimagehandler_664841741.jpeg?h=225&w=225
Oak Park Unsmoked White Pudding 6 Slices 180G,€2.50,,€13.89/kg,https://www.tesco.ie/groceries/en-IE/products/312716771,https://digitalcontent.api.tesco.com/v2/media/ghs/4a05f693-575f-422c-ba2f-8293d0b478b6/5c817be6-2540-4358-9306-97c15ce5118f_1973394380.jpeg?h=225&w=225
Tesco 12 Irish Beef and Pork Meatballs 300g,€3.50,"Any 3 for €10 Clubcard Price - Selected Meat, Fish Or Poultry Products",€3.50/each,https://www.tesco.ie/groceries/en-IE/products/315360195,https://digitalcontent.api.tesco.com/v2/media/ghs/3a977b8a-14d6-4e77-bd1a-82adbc62d01a/2f8783f3-7d85-4e67-8380-8c27f25939ac_125249994.jpeg?h=225&w=225
Tesco Finest Corn Fed Thighs And D/Stck 750G,€4.50,Any 2 for €7 Clubcard Price - Selected Tesco Finest* Chicken 620g - 750g,€6.00/kg,https://www.tesco.ie/groceries/en-IE/products/296016696,https://digitalcontent.api.tesco.com/v2/media/ghs/5f5bb32c-6937-48d8-9a1b-8a705e220cee/9f4d6bbf-c279-435f-96ae-bd8790e7193d_2114885287.jpeg?h=225&w=225
Oak Park Bacon Loin Ribs 500G,€6.99,,€13.98/kg,https://www.tesco.ie/groceries/en-IE/products/283301862,https://digitalcontent.api.tesco.com/v2/media/ghs/ef9b5b7f-ed51-4db1-bb0e-5a4926eca4da/4d7e8919-aa12-4697-92c2-b4d589bf3fdc_2071874552.jpeg?h=225&w=225
Tesco Irish Diced Lamb 263g,€4.00,€3.50 Clubcard Price,€15.21/kg,https://www.tesco.ie/groceries/en-IE/products/313512428,https://digitalcontent.api.tesco.com/v2/media/ghs/4437e12d-0333-4c21-b26d-1b50dcd65e4e/1e227ccf-ae02-4cbe-a1eb-eb662ed0a526_1247953412.jpeg?h=225&w=225
Rudd's 6 Turkey Sausages 240G,€3.00,Any 3 for €5 Clubcard Price - Selected Cheese Or Fresh Soup Or Meat Or Yogurt & Desserts,€12.50/kg,https://www.tesco.ie/groceries/en-IE/products/312573987,https://digitalcontent.api.tesco.com/v2/media/ghs/2c410e74-f4bc-43e8-a9bc-56015f9c8a4b/cd2000bb-a032-4271-ba92-5ddd9b8f94d4_1264116539.jpeg?h=225&w=225
Clonakilty Gluten Free Ispini Mora 440G,€4.50,,€10.23/kg,https://www.tesco.ie/groceries/en-IE/products/286814636,https://digitalcontent.api.tesco.com/v2/media/ghs/b6ec4ba1-4ac7-40fc-bf6a-198949bb49fc/aab3824f-f9c3-47b0-9baa-a49f6b22d5ec_923899412.jpeg?h=225&w=225
Silver Hill Confit Duck Legs 300G,€6.49,,€21.63/kg,https://www.tesco.ie/groceries/en-IE/products/292611026,https://digitalcontent.api.tesco.com/v2/media/ghs/3339d8eb-2215-4b13-b27a-72a9ab92930b/9de903fd-ca54-4af6-9c9f-85f37c6f6942_703738479.jpeg?h=225&w=225
Mp Homestyle Hot'n'spicy Mini Fillet 300G,€5.50,,€18.33/kg,https://www.tesco.ie/groceries/en-IE/products/297925119,https://digitalcontent.api.tesco.com/v2/media/ghs/8c3e2114-a603-47c1-ac23-63dde8e03a95/c2de5290-789f-4ec4-9aca-e820c28ab0a7_1228595019.jpeg?h=225&w=225
Oak Park 6 Black Pudding Slices 180G,€2.50,,€13.89/kg,https://www.tesco.ie/groceries/en-IE/products/313622177,https://digitalcontent.api.tesco.com/v2/media/ghs/b080471a-6d75-4a29-8a41-6c0b8149ff91/a2d6971c-de1b-4651-a4ca-1e0545d39da7_742150157.jpeg?h=225&w=225
Fit Foods 4 Barbecue Chicken Fillets 450G,€6.00,Any 2 for €10 Clubcard Price - Selected Crafty Chef Or Fit Foods Or Keohane Ready To Cook,€13.33/kg,https://www.tesco.ie/groceries/en-IE/products/314686197,https://digitalcontent.api.tesco.com/v2/media/ghs/02af85e0-05aa-4a26-8112-084911f02c00/6a9fcc8a-db35-44c3-8ea4-669c49f0887f_937061686.jpeg?h=225&w=225
Fit Foods 4 Plain Chicken Fillets 440G,€6.00,Any 2 for €10 Clubcard Price - Selected Crafty Chef Or Fit Foods Or Keohane Ready To Cook,€13.64/kg,https://www.tesco.ie/groceries/en-IE/products/314832952,https://digitalcontent.api.tesco.com/v2/media/ghs/32621050-256c-4375-9121-99a310f6281e/18d50c53-ae65-46e4-a634-e4267889a8c4_1964121092.jpeg?h=225&w=225
Tesco Free Range Irih Chicken Boneless Boneless Thighs 400G,€5.00,,€12.50/kg,https://www.tesco.ie/groceries/en-IE/products/310150667,https://digitalcontent.api.tesco.com/v2/media/ghs-mktg/b0b04216-fa73-466d-a9d7-c9fcfa1ce9b3/no-image.jpeg
Tesco Irish Sirloin Steak With Mixed Pepper Pr 335G,€6.00,,€17.91/kg,https://www.tesco.ie/groceries/en-IE/products/301296782,https://digitalcontent.api.tesco.com/v2/media/ghs/905c0970-5896-4241-b163-e7773c2cb710/075e7307-8c9e-4764-8c23-8a26b139fa2e_656898095.jpeg?h=225&w=225
Fit Foods 4 Piri Piri Chicken Fillets 450G,€6.00,Any 2 for €10 Clubcard Price - Selected Crafty Chef Or Fit Foods Or Keohane Ready To Cook,€13.33/kg,https://www.tesco.ie/groceries/en-IE/products/314580840,https://digitalcontent.api.tesco.com/v2/media/ghs/3db66e69-7fbb-4cf6-b084-750c9665f72f/352843c4-95b1-416f-9cb8-361e5b29ca2e_427957790.jpeg?h=225&w=225
Tesco Finest Reduced Fat Irish Angus 6Oz Beef Burgers 340G,€4.50,,€13.24/kg,https://www.tesco.ie/groceries/en-IE/products/313841228,https://digitalcontent.api.tesco.com/v2/media/ghs/e44ca90b-85c2-4316-89db-d9cc86c9e07b/93cbdb8b-c161-41f0-b7db-5fa0ed66f07e_1294861404.jpeg?h=225&w=225
Tesco Hoisin Irish Pork Fillet 610G,€6.00,,€9.84/kg,https://www.tesco.ie/groceries/en-IE/products/311666836,https://digitalcontent.api.tesco.com/v2/media/ghs/42fa4c44-35ca-41e5-b3c0-d794f7e6cc3f/095ad69b-102e-4ba9-a7af-72d7c84b7fc6_625799486.jpeg?h=225&w=225
Tesco Finest 2 Rib Steak Burgers 227G,€4.00,,€17.62/kg,https://www.tesco.ie/groceries/en-IE/products/311266857,https://digitalcontent.api.tesco.com/v2/media/ghs/b6a90589-9108-4f5b-8e03-a1e921b183bc/ead633fa-130d-46b5-9a6f-85da88212177_233596997.jpeg?h=225&w=225
Tesco Irish Boneless Lamb Shoulder Chops 401G,€6.00,,€14.96/kg,https://www.tesco.ie/groceries/en-IE/products/298010434,https://digitalcontent.api.tesco.com/v2/media/ghs/05d20e38-d092-4cbe-af85-05cb1b24a136/snapshotimagehandler_1293090331.jpeg?h=225&w=225
Ballyfree Turkey Rashers 150G Flash Pack,€3.75,,€25.00/kg,https://www.tesco.ie/groceries/en-IE/products/252808728,https://digitalcontent.api.tesco.com/v2/media/ghs-mktg/b0b04216-fa73-466d-a9d7-c9fcfa1ce9b3/no-image.jpeg
Tesco Sweet Chilli Irish Pork Loin Chops 500G,€5.00,€4.50 Clubcard Price,€10.00/kg,https://www.tesco.ie/groceries/en-IE/products/314593018,https://digitalcontent.api.tesco.com/v2/media/ghs/942c6f15-4fa1-4ad7-a406-7d5ebda21268/9d2fdbeb-cce3-4d67-976a-3681c7c34b67_1754426642.jpeg?h=225&w=225
Tesco Finest Irish Whole Leg Of Lamb,€37.38,,€16.99/kg,https://www.tesco.ie/groceries/en-IE/products/296349031,https://digitalcontent.api.tesco.com/v2/media/ghs/e728c3b7-3d42-47c0-bf5c-c24c0fffdcff/243642d8-6cc9-437a-9840-75e50fd236a7_116411928.jpeg?h=225&w=225
Tesco Finest Irish Cornfed Chicken Breast Mini Fillets 300G,€5.00,€4.00 Clubcard Price,€16.67/kg,https://www.tesco.ie/groceries/en-IE/products/315073022,https://digitalcontent.api.tesco.com/v2/media/ghs/bf2f84d3-86e0-4ebb-9672-1d2a839bf56d/9ba2e423-2576-483f-806e-192ef076e843_1835059499.jpeg?h=225&w=225
Tesco Irish Extra Large Whole Chicken 2.2Kg,€7.50,€6.50 Clubcard Price,€3.41/kg,https://www.tesco.ie/groceries/en-IE/products/308103540,https://digitalcontent.api.tesco.com/v2/media/ghs-mktg/b0b04216-fa73-466d-a9d7-c9fcfa1ce9b3/no-image.jpeg
Silver Hill Crispy Half Duck World Taste Pancakes 600G,€10.49,,€17.48/kg,https://www.tesco.ie/groceries/en-IE/products/283230692,https://digitalcontent.api.tesco.com/v2/media/ghs/70c842f9-c8d7-47f7-9afc-b95d52d63017/9fc57976-7a62-4cbd-ab78-8edec559abe6.jpeg?h=225&w=225
Clonakilty Veggie Pudding 200G,€2.75,€2.25 Clubcard Price,€13.75/kg,https://www.tesco.ie/groceries/en-IE/products/304956210,https://digitalcontent.api.tesco.com/v2/media/ghs/02bbac6a-3fd8-4d43-9415-895b4f189990/6971b3af-22d6-4746-9c6c-53e7f7fa776a_603598407.jpeg?h=225&w=225
Mallon Big Tens Sausages 454G,€3.89,,€8.57/kg,https://www.tesco.ie/groceries/en-IE/products/257327583,https://digitalcontent.api.tesco.com/v2/media/ghs/e1c235f2-bfcd-4bde-b9fa-6328e9bfa1ac/snapshotimagehandler_158762544.jpeg?h=225&w=225
O'neills Dry Cure Streaky Rashers 200G,€2.99,,€14.95/kg,https://www.tesco.ie/groceries/en-IE/products/279933920,https://digitalcontent.api.tesco.com/v2/media/ghs/36895a72-fe66-4f38-8a81-14b154b3ed01/snapshotimagehandler_463912546.jpeg?h=225&w=225
Tesco Lemon And Pepper Irish Chicken Thigh Fillets 500G,€4.50,,€9.00/kg,https://www.tesco.ie/groceries/en-IE/products/305942858,https://digitalcontent.api.tesco.com/v2/media/ghs/8b43931c-9f32-490e-8723-ee2a57dd481e/snapshotimagehandler_1794343397.jpeg?h=225&w=225
Rosie & Jim Breaded Goujon 300G,€4.99,,€16.63/kg,https://www.tesco.ie/groceries/en-IE/products/307302450,https://digitalcontent.api.tesco.com/v2/media/ghs/614b5eb0-f2de-4ff3-8ed1-2d3b182bec6d/5efeeac1-4cbf-48e9-8413-e90dab4dab1c.jpeg?h=225&w=225
Denny Big 8'S Sausages 454G Price Marked,€3.50,,€7.71/kg,https://www.tesco.ie/groceries/en-IE/products/254062387,https://digitalcontent.api.tesco.com/v2/media/ghs-mktg/b0b04216-fa73-466d-a9d7-c9fcfa1ce9b3/no-image.jpeg
Kearns Jumbo 8'S Sausages 454G,€3.89,,€8.57/kg,https://www.tesco.ie/groceries/en-IE/products/301906217,https://digitalcontent.api.tesco.com/v2/media/ghs/382c250c-52fa-418a-8249-90fe3af3189a/ae7edb6f-5640-498b-8bc5-ef8670b00d10_1102529304.jpeg?h=225&w=225
Tesco Finest* Chicken Mozzarella Stuffing 560G,€5.50,,€9.82/kg,https://www.tesco.ie/groceries/en-IE/products/304678867,https://digitalcontent.api.tesco.com/v2/media/ghs/1ef13d45-f7dd-42ec-8001-c9cb858c4f82/f2be2947-871d-4fea-bbdf-3c6cb543750c_1681212983.jpeg?h=225&w=225
Tesco Irish Sliced Pork Liver,€1.58,,€4.50/kg,https://www.tesco.ie/groceries/en-IE/products/264862698,https://digitalcontent.api.tesco.com/v2/media/ghs/9d7f9bd4-f5fe-45b4-9e62-3df28bef5c89/3909f3ea-fe29-4858-848c-78485636439e.jpeg?h=225&w=225
Olhausen Pork Sausages 454G,€3.89,,€8.57/kg,https://www.tesco.ie/groceries/en-IE/products/254073506,https://digitalcontent.api.tesco.com/v2/media/ghs/4a5e05e0-457c-46ed-9c1e-efc3d5f2a189/00248e2d-cc18-4c25-bf09-d7e1b7f93c1c_1710842121.jpeg?h=225&w=225
Tesco Cook In Bag Chicken 1.5Kg,€6.00,,€4.00/kg,https://www.tesco.ie/groceries/en-IE/products/292611320,https://digitalcontent.api.tesco.com/v2/media/ghs/8b2625a3-014b-489c-a194-3f59d50eefeb/snapshotimagehandler_1964369234.jpeg?h=225&w=225
Tesco Finest Irish Angus Fillet 200G,€9.99,,€49.95/kg,https://www.tesco.ie/groceries/en-IE/products/290349668,https://digitalcontent.api.tesco.com/v2/media/ghs/c11ba67e-7626-4c0a-935d-47de8b2a1e57/8a9d3f68-c4ed-47ca-b57d-77c118344e37_2131194454.jpeg?h=225&w=225
Tesco Finest Boned And Rolled Irish Lamb Shoulder,€15.14,,€11.99/kg,https://www.tesco.ie/groceries/en-IE/products/308838753,https://digitalcontent.api.tesco.com/v2/media/ghs/45567ad5-c4ce-484a-be4d-12a017c2e966/14efcb5d-81bd-4f4f-aeed-6fec5455db95_2056807502.jpeg?h=225&w=225
Fit Foods Mexican Style Beef Stir Fry 400G,€6.00,Any 2 for €10 Clubcard Price - Selected Crafty Chef Or Fit Foods Or Keohane Ready To Cook,€15.00/kg,https://www.tesco.ie/groceries/en-IE/products/314103174,https://digitalcontent.api.tesco.com/v2/media/ghs/bd6a948f-6e3c-4b67-bea5-7ef2e2b2b054/d6aba79b-1376-496c-b0f6-af42b0d0dd46_2111615703.jpeg?h=225&w=225
Mccagheys Turkey Drumstick 860G,€4.35,,€5.06/kg,https://www.tesco.ie/groceries/en-IE/products/292621256,https://digitalcontent.api.tesco.com/v2/media/ghs/2167be1d-84d1-4515-ba95-8fa7dcfb18e0/snapshotimagehandler_981615634.jpeg?h=225&w=225
Tesco Irish Unsmoked Ham Fillet 1.734Kg-2.330Kg,€16.76,€5.52 per kg Clubcard Price,€8.25/kg,https://www.tesco.ie/groceries/en-IE/products/314945369,https://digitalcontent.api.tesco.com/v2/media/ghs/310b8946-e2a9-45bd-86e0-39efa96a6138/e6fe4ce3-678c-45a5-909d-ac7cf4980767_131733159.jpeg?h=225&w=225
Silver Hill Fresh Whole Duck 2Kg,€11.79,,€5.90/kg,https://www.tesco.ie/groceries/en-IE/products/291315102,https://digitalcontent.api.tesco.com/v2/media/ghs/770dcd53-1458-4c32-a8e6-5d217f273c90/d5b9cbe2-e57b-44e0-b7a9-edada1524bb3.jpeg?h=225&w=225
Tesco Irish Lambloin Chops 4Pack 370G Promo,€7.50,,€20.27/kg,https://www.tesco.ie/groceries/en-IE/products/286918669,https://digitalcontent.api.tesco.com/v2/media/ghs-mktg/b0b04216-fa73-466d-a9d7-c9fcfa1ce9b3/no-image.jpeg
Rosie & Jim Garlic Kievs 300G,€4.99,,€16.63/kg,https://www.tesco.ie/groceries/en-IE/products/307302719,https://digitalcontent.api.tesco.com/v2/media/ghs/9e5d6deb-e921-4498-8307-e0dc36fc3326/1b1a8b44-0e77-4aeb-acdc-4a3a0a3e2b9c.jpeg?h=225&w=225
Fit Foods 9 Italian Style Meatballs 365G,€6.00,Any 2 for €10 Clubcard Price - Selected Crafty Chef Or Fit Foods Or Keohane Ready To Cook,€16.44/kg,https://www.tesco.ie/groceries/en-IE/products/314824236,https://digitalcontent.api.tesco.com/v2/media/ghs/12c0bfd4-e195-438c-8eda-0ac59c93d852/c02d84a3-ff16-4eb6-9ce2-846207db230f_63046835.jpeg?h=225&w=225
Hodgins Sausages Gluten Free Black Pudding 300G,€2.29,,€7.63/kg,https://www.tesco.ie/groceries/en-IE/products/259930907,https://digitalcontent.api.tesco.com/v2/media/ghs/abc5ce05-7847-4e8b-9ac3-8add8a39407d/snapshotimagehandler_42255298.jpeg?h=225&w=225
Mp Organic Whole Chicken 1Kg-2.4Kg,€15.30,,€9.00/kg,https://www.tesco.ie/groceries/en-IE/products/283356552,https://digitalcontent.api.tesco.com/v2/media/ghs/05030788-cd61-4535-8a41-8f2bf608c200/snapshotimagehandler_1201618601.jpeg?h=225&w=225
Granby Everyday Sausages 227G,€1.95,,€8.59/kg,https://www.tesco.ie/groceries/en-IE/products/254059259,https://digitalcontent.api.tesco.com/v2/media/ghs/92192d7c-cb02-4bab-a055-ab355ab75acf/d35813a2-1953-4903-9802-51d56eac33bb_1283303479.jpeg?h=225&w=225
Tesco Irish Corned Beef 1Kg,€12.00,,€12.00/kg,https://www.tesco.ie/groceries/en-IE/products/297675564,https://digitalcontent.api.tesco.com/v2/media/ghs-mktg/b0b04216-fa73-466d-a9d7-c9fcfa1ce9b3/no-image.jpeg
Kels/Newp Butchers 12 Pork Sausages 350G,€3.79,,€10.83/kg,https://www.tesco.ie/groceries/en-IE/products/313526737,https://digitalcontent.api.tesco.com/v2/media/ghs/fb1a4d65-fb20-466c-b79e-9a4c2e90ca16/63c1d35f-eafc-4570-b2d6-4d126637df0c_1549238688.jpeg?h=225&w=225
Tesco Finest Irish Angus Diced Beef 390G,€5.00,,€12.82/kg,https://www.tesco.ie/groceries/en-IE/products/290393460,https://digitalcontent.api.tesco.com/v2/media/ghs/44ec80bc-eb6b-4143-965b-4ac8c90c0c49/3d393ef4-e322-45f7-9603-fa7bc2d506e9_1569149772.jpeg?h=225&w=225
The Crafty Chef Irish Beef Stroganoff 450G,€6.00,Any 2 for €10 Clubcard Price - Selected Crafty Chef Or Fit Foods Or Keohane Ready To Cook,€13.33/kg,https://www.tesco.ie/groceries/en-IE/products/314826476,https://digitalcontent.api.tesco.com/v2/media/ghs/9a4d4aab-ad40-4fee-a489-75733e47f626/d2ae6c39-7a50-46e5-af0a-93df4b6f61aa_1319013582.jpeg?h=225&w=225
Tesco Finest Irish Mini Chicken Roast 445G,€6.50,€5.50 Clubcard Price,€14.61/kg,https://www.tesco.ie/groceries/en-IE/products/314596067,https://digitalcontent.api.tesco.com/v2/media/ghs/78f5a10f-b2da-4782-8b02-511e46b0c41a/69b808bf-9b85-484b-8f4d-2e48dc61ce88_1879401489.jpeg?h=225&w=225
Tesco Organic Irish Beef Topside Roast,€20.79,,€15.99/kg,https://www.tesco.ie/groceries/en-IE/products/308461777,https://digitalcontent.api.tesco.com/v2/media/ghs/afe12f79-266f-4e49-84ea-c6a487f1498a/4fb621cf-78a1-426c-bc01-3b2114c03ab4_1310120733.jpeg?h=225&w=225
Tesco Irish Unsmoked Ham Fillet 2.856Kg-3.530Kg,€16.64,,€5.50/kg,https://www.tesco.ie/groceries/en-IE/products/314949100,https://digitalcontent.api.tesco.com/v2/media/ghs/8347aa8f-89de-4468-b92a-ee4d0f147f8c/9f765d3e-1581-491a-a682-12d0338d8c27_1557843800.jpeg?h=225&w=225
Tesco Irish Pork Crackling Joint,Currently out of stock,,,https://www.tesco.ie/groceries/en-IE/products/307759928,https://digitalcontent.api.tesco.com/v2/media/ghs/1a885ea6-f979-435b-aabc-f7408413cbbf/35481e8c-6ddf-436e-a500-09e9aeec2bc2_258234335.jpeg?h=225&w=225
Hodgins Gluten Free Whte Puding 300G,€2.29,,€7.63/kg,https://www.tesco.ie/groceries/en-IE/products/259931328,https://digitalcontent.api.tesco.com/v2/media/ghs/e9a55cd7-6965-4e57-8181-4fa211385589/snapshotimagehandler_1293560292.jpeg?h=225&w=225
Fit Foods Piri Piri Chicken Stir Fry 400G,€6.00,Any 2 for €10 Clubcard Price - Selected Crafty Chef Or Fit Foods Or Keohane Ready To Cook,€15.00/kg,https://www.tesco.ie/groceries/en-IE/products/314848317,https://digitalcontent.api.tesco.com/v2/media/ghs/d3274cc0-047c-4a39-9560-20bccba2ab0e/3b93870e-477a-4839-8c9c-d665ee83d676_337597869.jpeg?h=225&w=225
Granby Coarse White Pudding 300G,€1.99,,€6.63/kg,https://www.tesco.ie/groceries/en-IE/products/312585057,https://digitalcontent.api.tesco.com/v2/media/ghs/3e5d2339-feef-4495-80dc-6e8e6b371fdd/snapshotimagehandler_206762457.jpeg?h=225&w=225
Fit Foods 3 Cajun Turkey Steaks 300G,€6.00,Any 2 for €10 Clubcard Price - Selected Crafty Chef Or Fit Foods Or Keohane Ready To Cook,€20.00/kg,https://www.tesco.ie/groceries/en-IE/products/314712037,https://digitalcontent.api.tesco.com/v2/media/ghs/c3e2d19f-639e-42c8-8c18-b901321fdf40/8a57e24b-f607-4674-ab0b-976861cc965d_1563261972.jpeg?h=225&w=225
Rosie & Jim Southern Fried Goujons 300G,€4.99,,€16.63/kg,https://www.tesco.ie/groceries/en-IE/products/307302692,https://digitalcontent.api.tesco.com/v2/media/ghs/db1b9bf9-7eba-496f-9547-75e86d8ffb17/9b03c29f-cb23-439a-8560-869fce4330ee.jpeg?h=225&w=225
The Crafty Chef N/Chse Irish Chicken Fillets 360G,€6.00,Any 2 for €10 Clubcard Price - Selected Crafty Chef Or Fit Foods Or Keohane Ready To Cook,€16.67/kg,https://www.tesco.ie/groceries/en-IE/products/313958724,https://digitalcontent.api.tesco.com/v2/media/ghs/5ff6a38d-06b1-47fb-82ca-4afeebe79ebc/1eaa8e23-d316-44e4-bc47-f6fe6b214af7_103182213.jpeg?h=225&w=225
Rosie & Jim Breaded Fillets 280G,€4.99,,€17.82/kg,https://www.tesco.ie/groceries/en-IE/products/307302749,https://digitalcontent.api.tesco.com/v2/media/ghs/8b89c97f-2a9a-4f45-8df0-db258b664c3d/a2faf42b-46d5-4d55-bdd9-3da38501144c.jpeg?h=225&w=225
The Crafty Chef Chicken And Broccoli Bake 500G,€6.00,Any 2 for €10 Clubcard Price - Selected Crafty Chef Or Fit Foods Or Keohane Ready To Cook,€12.00/kg,https://www.tesco.ie/groceries/en-IE/products/314118600,https://digitalcontent.api.tesco.com/v2/media/ghs/b877880c-e807-403a-b9dc-e61c3d75185a/07f8c2d3-58de-4605-9527-484d4a60cf47_45756894.jpeg?h=225&w=225
Tesco Southern Fried Chicken Thighs & Drumsticks 800G,€5.00,,€6.25/kg,https://www.tesco.ie/groceries/en-IE/products/304406171,https://digitalcontent.api.tesco.com/v2/media/ghs/b910cf8c-4106-4748-93ba-8aa7264ce4d5/17592bc0-5f87-4eac-955b-2c3e8e3e4ec3.jpeg?h=225&w=225
Tesco Organic Irish Diced Beef 380G,€6.00,,€15.79/kg,https://www.tesco.ie/groceries/en-IE/products/308475467,https://digitalcontent.api.tesco.com/v2/media/ghs/fe2775c1-114c-462f-866b-7718fcb4a18f/snapshotimagehandler_2077375341.jpeg?h=225&w=225
Tesco Fillets 1171G,€12.00,€11.00 Clubcard Price,€10.25/kg,https://www.tesco.ie/groceries/en-IE/products/303090486,https://digitalcontent.api.tesco.com/v2/media/ghs/4cdae257-1171-4e2d-a572-691635407d91/snapshotimagehandler_642812412.jpeg?h=225&w=225
Clonakilty Black Pudding Rings 420G,€4.40,,€10.48/kg,https://www.tesco.ie/groceries/en-IE/products/286812609,https://digitalcontent.api.tesco.com/v2/media/ghs/248ddbc9-c333-4b7f-85ab-53ce65f48b86/snapshotimagehandler_841719193.jpeg?h=225&w=225
Tesco Irish Beef Striploin Roast,€29.39,,€20.99/kg,https://www.tesco.ie/groceries/en-IE/products/308841408,https://digitalcontent.api.tesco.com/v2/media/ghs/1a903094-e2b6-49bf-ab20-86e9a019529a/49471074-6bda-4582-8a31-29048941249b_2110142192.jpeg?h=225&w=225
Tesco Finest 2 Irish Corn Fed Bbq Chicken Breasts 390G,€7.00,€6.00 Clubcard Price,€17.95/kg,https://www.tesco.ie/groceries/en-IE/products/313622661,https://digitalcontent.api.tesco.com/v2/media/ghs/0276e082-9ef0-4110-96ce-509d19df7843/8b79e84a-c765-42ac-92bb-6dd975520f58_736448224.jpeg?h=225&w=225
Rosie & Jim Southern Fried Fillets 280G,€4.99,,€17.82/kg,https://www.tesco.ie/groceries/en-IE/products/307302882,https://digitalcontent.api.tesco.com/v2/media/ghs/72f0738d-b32e-4593-9baf-74b109fe4548/e0a52482-9ea6-4853-be01-555bdbda1069.jpeg?h=225&w=225
Tesco Irish Organic Striploin Steak 213G,€8.25,,€38.73/kg,https://www.tesco.ie/groceries/en-IE/products/288699169,https://digitalcontent.api.tesco.com/v2/media/ghs/745c6c22-b2b3-4615-a28a-b77cbfcd65e4/snapshotimagehandler_1358879614.jpeg?h=225&w=225
Tesco Finest 2 5Oz Gar/Hrb Edge Beef Burgers 284G,€4.50,,€15.84/kg,https://www.tesco.ie/groceries/en-IE/products/313833342,https://digitalcontent.api.tesco.com/v2/media/ghs/1aa40437-289c-4e5e-9cb0-865b09c92cab/01b5bece-1dff-48c4-9557-3ad67f241f5f_1807929855.jpeg?h=225&w=225
Tesco Finest Irish Angus Sirloin 220G,€6.99,,€31.77/kg,https://www.tesco.ie/groceries/en-IE/products/290349576,https://digitalcontent.api.tesco.com/v2/media/ghs/812f379b-ac27-4a47-ba7f-cbcde7adc00f/46087dc5-bd34-4696-9f21-980b26ce8076_122596609.jpeg?h=225&w=225
Clonakilty White Pudding Rings 420G,€4.40,,€10.48/kg,https://www.tesco.ie/groceries/en-IE/products/286814550,https://digitalcontent.api.tesco.com/v2/media/ghs/4f9f66ca-b376-4b05-be2f-41f45934df4d/snapshotimagehandler_253079266.jpeg?h=225&w=225
Silver Hill Duck A L'orange 460G,€9.99,,€21.72/kg,https://www.tesco.ie/groceries/en-IE/products/310147053,https://digitalcontent.api.tesco.com/v2/media/ghs/04b3bbbb-7f53-4311-a2c4-2db4acf36ccc/13699702-ce2d-4e43-b695-e082d01c2c99_1926527762.jpeg?h=225&w=225
Tesco Finest S/Steaks With Black Pepper And S/Slt 400G,€9.99,,€24.98/kg,https://www.tesco.ie/groceries/en-IE/products/312570089,https://digitalcontent.api.tesco.com/v2/media/ghs/378ec2fe-8b04-4c55-948a-ab646ed74fae/e2f8479f-4a19-44f4-8f90-d30b71ffb321_569630648.jpeg?h=225&w=225
Tesco Irish Diced Beef 807g,€8.50,€7.50 Clubcard Price,€10.53/kg,https://www.tesco.ie/groceries/en-IE/products/315466491,https://digitalcontent.api.tesco.com/v2/media/ghs-mktg/b0b04216-fa73-466d-a9d7-c9fcfa1ce9b3/no-image.jpeg
Tesco Irish Chicken Boneless Thighs 800g,€8.00,€7.00 Clubcard Price,€10.00/kg,https://www.tesco.ie/groceries/en-IE/products/316185337,https://digitalcontent.api.tesco.com/v2/media/ghs-mktg/b0b04216-fa73-466d-a9d7-c9fcfa1ce9b3/no-image.jpeg
Tesco 24 Irish Beef Meatballs 1kg,€7.50,€6.50 Clubcard Price,€7.50/kg,https://www.tesco.ie/groceries/en-IE/products/316195924,https://digitalcontent.api.tesco.com/v2/media/ghs-mktg/b0b04216-fa73-466d-a9d7-c9fcfa1ce9b3/no-image.jpeg
Tesco Irish Lamb Casserole In Red Wine Jus 450G,€7.00,,€15.56/kg,https://www.tesco.ie/groceries/en-IE/products/312561739,https://digitalcontent.api.tesco.com/v2/media/ghs/970494d0-70a2-4276-907a-14d22f622378/5babeea0-90f5-428a-9bc5-7a85a5772b29_1105378320.jpeg?h=225&w=225
Tesco Irish Beef and Pork Bolognese Mince 750g,€7.00,€6.00 Clubcard Price,€9.33/kg,https://www.tesco.ie/groceries/en-IE/products/315735207,https://digitalcontent.api.tesco.com/v2/media/ghs-mktg/b0b04216-fa73-466d-a9d7-c9fcfa1ce9b3/no-image.jpeg
Tesco Irish Half Lamb Leg 1.2Kg,€11.80,,€9.83/kg,https://www.tesco.ie/groceries/en-IE/products/298650610,https://digitalcontent.api.tesco.com/v2/media/ghs-mktg/b0b04216-fa73-466d-a9d7-c9fcfa1ce9b3/no-image.jpeg
Tesco Irish Beef Steak Mince 10% Fat 1.088kg,€8.50,€7.50 Clubcard Price,€8.50/each,https://www.tesco.ie/groceries/en-IE/products/316196059,https://digitalcontent.api.tesco.com/v2/media/ghs-mktg/b0b04216-fa73-466d-a9d7-c9fcfa1ce9b3/no-image.jpeg
Tesco Irish Pork Loin Chops 1.04kg,€8.00,€7.00 Clubcard Price,€7.69/kg,https://www.tesco.ie/groceries/en-IE/products/315965240,https://digitalcontent.api.tesco.com/v2/media/ghs-mktg/b0b04216-fa73-466d-a9d7-c9fcfa1ce9b3/no-image.jpeg
Tesco 50% Reduced Fat 8 Irish Beef Burgers 908g,€8.50,€7.50 Clubcard Price,€9.36/kg,https://www.tesco.ie/groceries/en-IE/products/316186100,https://digitalcontent.api.tesco.com/v2/media/ghs-mktg/b0b04216-fa73-466d-a9d7-c9fcfa1ce9b3/no-image.jpeg
Tesco Finest Dry Cure Ham Fillet With Mp Glaze 2.1Kg,€25.00,,€11.90/kg,https://www.tesco.ie/groceries/en-IE/products/312698664,https://digitalcontent.api.tesco.com/v2/media/ghs/c1ebf481-e2d0-4781-bab6-6d7e44d92c57/0fc9d3d8-9038-4e35-859d-3eb1f11f2034_463580199.jpeg?h=225&w=225
Tesco Irish Chicken Drumsticks 1.6kg,€6.50,€5.50 Clubcard Price,€4.06/kg,https://www.tesco.ie/groceries/en-IE/products/316071837,https://digitalcontent.api.tesco.com/v2/media/ghs-mktg/b0b04216-fa73-466d-a9d7-c9fcfa1ce9b3/no-image.jpeg
