Title,Price,Promotional Price,Price Per,Product URL,Image URL
Tesco Whole Chicken 1200G,€4.50,"Any 3 for €10 Clubcard Price - Selected Meat, Fish Or Poultry Products",€3.75/kg,https://www.tesco.ie/groceries/en-IE/products/288390793,https://digitalcontent.api.tesco.com/v2/media/ghs/477fff45-474e-4372-9f49-aa98d9e45050/snapshotimagehandler_392477010.jpeg?h=225&w=225
Tesco Chicken Mini Fillets 45G,€4.25,€3.75 Clubcard Price,€9.44/kg,https://www.tesco.ie/groceries/en-IE/products/304073799,https://digitalcontent.api.tesco.com/v2/media/ghs/2aeea851-fa4f-42b8-84d2-f6e8b5a2db71/3d353f98-fd49-4dce-8330-830a737b8cd4_1234050834.jpeg?h=225&w=225
Tesco Irish Chicken Breast Fillets 705G,€7.89,,€11.19/kg,https://www.tesco.ie/groceries/en-IE/products/314113156,https://digitalcontent.api.tesco.com/v2/media/ghs/1f0729ed-9ddb-4cd8-86cf-c16e08fd4372/977f72cd-7e25-40f0-9b26-93803b406002_1558617273.jpeg?h=225&w=225
Tesco Irish Chicken Breast Fillets 500G,€5.99,,€11.98/kg,https://www.tesco.ie/groceries/en-IE/products/313963527,https://digitalcontent.api.tesco.com/v2/media/ghs/14f3fe8b-b249-41e9-848e-ad9b2f282fd5/0fc3d99a-1079-4380-b038-dd660ccfadd7_374633059.jpeg?h=225&w=225
Tesco Irish Diced Chicken Breast Fillets 350G,€4.00,,€11.43/kg,https://www.tesco.ie/groceries/en-IE/products/275503042,https://digitalcontent.api.tesco.com/v2/media/ghs/d24635f4-1951-4c53-aed1-3d086d72cb0e/snapshotimagehandler_528775286.jpeg?h=225&w=225
Tesco Large Diced Chicken Fillets 550G,€5.99,,€10.89/kg,https://www.tesco.ie/groceries/en-IE/products/292612307,https://digitalcontent.api.tesco.com/v2/media/ghs/ed781754-fdf3-4fff-892c-2d10d0ea7a98/snapshotimagehandler_1847602317.jpeg?h=225&w=225
Sicin Sasta Irish Farmers Own Chicken Breast Fillets 500G,Currently out of stock,,,https://www.tesco.ie/groceries/en-IE/products/308469694,https://digitalcontent.api.tesco.com/v2/media/ghs/4d52b41a-4612-4964-a0cd-5cc4d1bf7751/snapshotimagehandler_286678914.jpeg?h=225&w=225
Tesco Irish Chicken Breast Mini Fillets 284G,€3.50,"Any 3 for €10 Clubcard Price - Selected Meat, Fish Or Poultry Products",€12.32/kg,https://www.tesco.ie/groceries/en-IE/products/313372725,https://digitalcontent.api.tesco.com/v2/media/ghs/e7537b93-eca1-4c2a-bfb0-d39585cde32a/0d568fbe-aad5-4dc8-b3b5-929f67fc4114_180577236.jpeg?h=225&w=225
Tesco Free Range Irish Whole Chicken 1.6Kg,€6.50,,€4.06/kg,https://www.tesco.ie/groceries/en-IE/products/301980110,https://digitalcontent.api.tesco.com/v2/media/ghs/a471c0fe-47bb-423c-a6ef-70f1a72718e7/1831e5c7-178e-408b-a039-3dbfc55ac215_245973780.jpeg?h=225&w=225
Tesco Sage And Onion Stuffed Chicken Thighs 540G,€5.00,"Any 3 for €10 Clubcard Price - Selected Meat, Fish Or Poultry Products",€9.26/kg,https://www.tesco.ie/groceries/en-IE/products/294136171,https://digitalcontent.api.tesco.com/v2/media/ghs/708529dc-4d66-4f4b-a781-50afbd05d3bd/e0e5cba3-e0c1-4857-8bec-e88f3b9a414b_762204529.jpeg?h=225&w=225
Tesco Irish Chicken Thigh Fillets 420G,€4.00,,€9.52/kg,https://www.tesco.ie/groceries/en-IE/products/285859521,https://digitalcontent.api.tesco.com/v2/media/ghs/e04a219c-ce6f-4b90-8155-7f6fab8c2bfa/snapshotimagehandler_164465870.jpeg?h=225&w=225
Tesco Whole Bird 2000G,Currently out of stock,,,https://www.tesco.ie/groceries/en-IE/products/293332585,https://digitalcontent.api.tesco.com/v2/media/ghs/f77e428b-9b3c-4c50-9295-e51174d5ad87/snapshotimagehandler_468043660.jpeg?h=225&w=225
Tesco Irish Chicken Breast Fillet Portions 945G,€13.00,€12.00 Clubcard Price,€13.76/kg,https://www.tesco.ie/groceries/en-IE/products/313162922,https://digitalcontent.api.tesco.com/v2/media/ghs/11cfc668-a474-4185-b65f-1b09bda5db94/99e0d5bd-feca-4eb2-988e-d14030042baf_1089043277.jpeg?h=225&w=225
Tesco Irish Chicken Breast Fillets 291G,€3.85,,€13.23/kg,https://www.tesco.ie/groceries/en-IE/products/314095625,https://digitalcontent.api.tesco.com/v2/media/ghs/eff9d625-134f-4381-bf4b-fb82a8b1743f/5a312ea8-bd14-4d7a-bdf0-c2da9758432b_2031963981.jpeg?h=225&w=225
Tesco Fresh Whole Chicken Medium 1.50Kg,€4.68,,€3.12/kg,https://www.tesco.ie/groceries/en-IE/products/290037824,https://digitalcontent.api.tesco.com/v2/media/ghs/5d68eac4-ccd4-48ea-b310-ee0deda4cbe4/snapshotimagehandler_253905883.jpeg?h=225&w=225
Tesco Oyster Thigh 1.075Kg,€4.15,,€3.46/kg,https://www.tesco.ie/groceries/en-IE/products/301965964,https://digitalcontent.api.tesco.com/v2/media/ghs/51c42c3f-bb53-4d37-9225-bcff4096131e/snapshotimagehandler_1629608058.jpeg?h=225&w=225
Tesco Sage And Onion Stuffed Chicken Cook In Bag1.5Kg,€6.00,,€4.00/kg,https://www.tesco.ie/groceries/en-IE/products/291046980,https://digitalcontent.api.tesco.com/v2/media/ghs/8d231c3e-b856-4ccb-80b7-633b5fd786da/snapshotimagehandler_832413666.jpeg?h=225&w=225
Tesco Free Range Irish Chicken Breast Fillets 454G,€7.99,,€17.60/kg,https://www.tesco.ie/groceries/en-IE/products/314425720,https://digitalcontent.api.tesco.com/v2/media/ghs/c2ddcf98-3051-4878-b6db-e8e84a536eee/78cb7aad-56e1-4a2a-a6df-f22623912e49_1972775492.jpeg?h=225&w=225
Tesco Irish Chicken Drumsticks 950G,€3.50,€3.20 Clubcard Price,€3.68/kg,https://www.tesco.ie/groceries/en-IE/products/313511994,https://digitalcontent.api.tesco.com/v2/media/ghs/2219a071-9213-426f-bbf2-996c3b88e9e4/61eedc1c-378a-44e7-b043-6b82d697a66a_877310564.jpeg?h=225&w=225
Sicin Sasta Free Range Irish Chicken Breast Fillets 500G,Currently out of stock,,,https://www.tesco.ie/groceries/en-IE/products/308475571,https://digitalcontent.api.tesco.com/v2/media/ghs/a874ee9b-e99b-4441-b26c-5dc304af0dba/snapshotimagehandler_1640289313.jpeg?h=225&w=225
Tesco Mid Prime Chicken Wings 750G,€2.80,,€3.50/kg,https://www.tesco.ie/groceries/en-IE/products/300387709,https://digitalcontent.api.tesco.com/v2/media/ghs/9342baa3-e6ac-404d-aafc-f7fbdbd06df3/snapshotimagehandler_936574161.jpeg?h=225&w=225
Tesco Chicken Part Boned Breast 340G,€4.00,"Any 3 for €10 Clubcard Price - Selected Meat, Fish Or Poultry Products",€11.76/kg,https://www.tesco.ie/groceries/en-IE/products/275502331,https://digitalcontent.api.tesco.com/v2/media/ghs-mktg/b0b04216-fa73-466d-a9d7-c9fcfa1ce9b3/no-image.jpeg
Tesco Finest Corn Fed Fillets 375G,€7.00,€6.00 Clubcard Price,€18.67/kg,https://www.tesco.ie/groceries/en-IE/products/292620107,https://digitalcontent.api.tesco.com/v2/media/ghs/b9950fad-884e-4833-abc4-02b6b6ceaf1c/16dbc34a-2c9c-4a47-b7b6-f7e239309121_1332123432.jpeg?h=225&w=225
Tesco Free Range Fillets 680G,€11.75,,€17.28/kg,https://www.tesco.ie/groceries/en-IE/products/304335444,https://digitalcontent.api.tesco.com/v2/media/ghs/01429119-84f0-4c7a-9788-0fb943e65db1/snapshotimagehandler_1369262449.jpeg?h=225&w=225
Tesco Irish Chicken Wings 925G,€3.50,€3.20 Clubcard Price,€3.78/kg,https://www.tesco.ie/groceries/en-IE/products/313381461,https://digitalcontent.api.tesco.com/v2/media/ghs/c93407ff-9f91-453b-b7bf-cb666680f057/a5901184-4742-40ce-9b05-6ac748d9d5b3_1921235564.jpeg?h=225&w=225
Tesco Cook In Bag Irish Rotisserie Chicken 1.4Kg,€7.00,,€5.00/kg,https://www.tesco.ie/groceries/en-IE/products/294303221,https://digitalcontent.api.tesco.com/v2/media/ghs/36048fd3-2c1b-4b80-85b8-73972fe7e28f/snapshotimagehandler_1651801984.jpeg?h=225&w=225
Tesco Chicken Legs 1229G,€3.99,,€3.25/kg,https://www.tesco.ie/groceries/en-IE/products/302515004,https://digitalcontent.api.tesco.com/v2/media/ghs/50fb315b-86c3-4210-8ac2-494cc1a37d0b/snapshotimagehandler_1046999785.jpeg?h=225&w=225
Tesco Free Range Chicken Fillet 300G,€6.00,,€20.00/kg,https://www.tesco.ie/groceries/en-IE/products/304330426,https://digitalcontent.api.tesco.com/v2/media/ghs/169ab4f2-223b-47a9-b104-fd4cf526b527/c3f850e1-07df-4280-aa5d-9711fd604d3d_1201889799.jpeg?h=225&w=225
Tesco Free Range Chicken Thighs 800G,€4.50,,€5.62/kg,https://www.tesco.ie/groceries/en-IE/products/292611470,https://digitalcontent.api.tesco.com/v2/media/ghs/7241e87a-7526-48be-824b-7f322338259a/snapshotimagehandler_2685771.jpeg?h=225&w=225
Tesco Finest Irish Corn Fed Whole Chicken 1.2Kg,€7.00,€6.00 Clubcard Price,€5.83/kg,https://www.tesco.ie/groceries/en-IE/products/314942597,https://digitalcontent.api.tesco.com/v2/media/ghs/235718aa-0c17-42a0-a957-f08abcbfb468/4fbb53b1-0fc7-46dd-b1ce-01f09d6aef2f_230002730.jpeg?h=225&w=225
Tesco Irish Chicken Part Boned Breast 800G,€6.99,,€8.74/kg,https://www.tesco.ie/groceries/en-IE/products/305977879,https://digitalcontent.api.tesco.com/v2/media/ghs/ed3f00b6-d333-4e2c-96b2-ace8bce5d4c2/snapshotimagehandler_2110563795.jpeg?h=225&w=225
Sicin Sasta Free Range Irish Whole Chicken 1.5Kg,€8.49,,€5.66/kg,https://www.tesco.ie/groceries/en-IE/products/308464123,https://digitalcontent.api.tesco.com/v2/media/ghs/aa7e69d0-1535-4624-93da-7c8acc3de025/snapshotimagehandler_664841741.jpeg?h=225&w=225
Tesco Finest Corn Fed Thighs And D/Stck 750G,€4.50,Any 2 for €7 Clubcard Price - Selected Tesco Finest* Chicken 620g - 750g,€6.00/kg,https://www.tesco.ie/groceries/en-IE/products/296016696,https://digitalcontent.api.tesco.com/v2/media/ghs/5f5bb32c-6937-48d8-9a1b-8a705e220cee/9f4d6bbf-c279-435f-96ae-bd8790e7193d_2114885287.jpeg?h=225&w=225
Tesco Free Range Irih Chicken Boneless Boneless Thighs 400G,€5.00,,€12.50/kg,https://www.tesco.ie/groceries/en-IE/products/310150667,https://digitalcontent.api.tesco.com/v2/media/ghs-mktg/b0b04216-fa73-466d-a9d7-c9fcfa1ce9b3/no-image.jpeg
Tesco Finest Irish Cornfed Chicken Breast Mini Fillets 300G,€5.00,€4.00 Clubcard Price,€16.67/kg,https://www.tesco.ie/groceries/en-IE/products/315073022,https://digitalcontent.api.tesco.com/v2/media/ghs/bf2f84d3-86e0-4ebb-9672-1d2a839bf56d/9ba2e423-2576-483f-806e-192ef076e843_1835059499.jpeg?h=225&w=225
Tesco Irish Extra Large Whole Chicken 2.2Kg,€7.50,€6.50 Clubcard Price,€3.41/kg,https://www.tesco.ie/groceries/en-IE/products/308103540,https://digitalcontent.api.tesco.com/v2/media/ghs-mktg/b0b04216-fa73-466d-a9d7-c9fcfa1ce9b3/no-image.jpeg
Tesco Lemon And Pepper Irish Chicken Thigh Fillets 500G,€4.50,,€9.00/kg,https://www.tesco.ie/groceries/en-IE/products/305942858,https://digitalcontent.api.tesco.com/v2/media/ghs/8b43931c-9f32-490e-8723-ee2a57dd481e/snapshotimagehandler_1794343397.jpeg?h=225&w=225
Tesco Finest* Chicken Mozzarella Stuffing 560G,€5.50,,€9.82/kg,https://www.tesco.ie/groceries/en-IE/products/304678867,https://digitalcontent.api.tesco.com/v2/media/ghs/1ef13d45-f7dd-42ec-8001-c9cb858c4f82/f2be2947-871d-4fea-bbdf-3c6cb543750c_1681212983.jpeg?h=225&w=225
Tesco Cook In Bag Chicken 1.5Kg,€6.00,,€4.00/kg,https://www.tesco.ie/groceries/en-IE/products/292611320,https://digitalcontent.api.tesco.com/v2/media/ghs/8b2625a3-014b-489c-a194-3f59d50eefeb/snapshotimagehandler_1964369234.jpeg?h=225&w=225
Mp Organic Whole Chicken 1Kg-2.4Kg,€15.30,,€9.00/kg,https://www.tesco.ie/groceries/en-IE/products/283356552,https://digitalcontent.api.tesco.com/v2/media/ghs/05030788-cd61-4535-8a41-8f2bf608c200/snapshotimagehandler_1201618601.jpeg?h=225&w=225
Tesco Finest Irish Mini Chicken Roast 445G,€6.50,€5.50 Clubcard Price,€14.61/kg,https://www.tesco.ie/groceries/en-IE/products/314596067,https://digitalcontent.api.tesco.com/v2/media/ghs/78f5a10f-b2da-4782-8b02-511e46b0c41a/69b808bf-9b85-484b-8f4d-2e48dc61ce88_1879401489.jpeg?h=225&w=225
Tesco Fillets 1171G,€12.00,€11.00 Clubcard Price,€10.25/kg,https://www.tesco.ie/groceries/en-IE/products/303090486,https://digitalcontent.api.tesco.com/v2/media/ghs/4cdae257-1171-4e2d-a572-691635407d91/snapshotimagehandler_642812412.jpeg?h=225&w=225
Tesco Finest 2 Irish Corn Fed Bbq Chicken Breasts 390G,€7.00,€6.00 Clubcard Price,€17.95/kg,https://www.tesco.ie/groceries/en-IE/products/313622661,https://digitalcontent.api.tesco.com/v2/media/ghs/0276e082-9ef0-4110-96ce-509d19df7843/8b79e84a-c765-42ac-92bb-6dd975520f58_736448224.jpeg?h=225&w=225
Tesco Irish Chicken Boneless Thighs 800g,€8.00,€7.00 Clubcard Price,€10.00/kg,https://www.tesco.ie/groceries/en-IE/products/316185337,https://digitalcontent.api.tesco.com/v2/media/ghs-mktg/b0b04216-fa73-466d-a9d7-c9fcfa1ce9b3/no-image.jpeg
Tesco Irish Chicken Drumsticks 1.6kg,€6.50,€5.50 Clubcard Price,€4.06/kg,https://www.tesco.ie/groceries/en-IE/products/316071837,https://digitalcontent.api.tesco.com/v2/media/ghs-mktg/b0b04216-fa73-466d-a9d7-c9fcfa1ce9b3/no-image.jpeg
