Title,Price,Price Per,Image URL
Tesco Finest Cranberry Sauce 220G,€2.80,€12.73/kg,https://digitalcontent.api.tesco.com/v2/media/ghs/8dfd8e86-4171-4fd7-8737-ecd68d54fb44/6479e8ec-a9c1-49f1-b09c-df605e7294a3_808090060.jpeg?h=225&w=225
Tesco Finest Grade A Amber Maple Syrup 330G,€5.99,€18.15/kg,https://digitalcontent.api.tesco.com/v2/media/ghs/cba05637-f109-409d-aba4-8e325691767c/84c16bcf-44f5-4594-bb99-6aae4aa78d27_2103832346.jpeg?h=225&w=225
Tesco Finest Cold Press Rapeseed Oil 500Ml,€3.35,€6.70/litre,https://digitalcontent.api.tesco.com/v2/media/ghs/667a9779-7636-4362-8a88-b6053828cf23/af49bcd3-a392-45b6-9acd-805e820fdd4c_250384850.jpeg?h=225&w=225
Tesco Finest Meringue Nests 8S,€1.65,€0.21/each,https://digitalcontent.api.tesco.com/v2/media/ghs/119d642d-90dc-4f1b-b2c8-769f18b06ce1/1e3e7cd2-79ce-40dc-b0a4-018e30b6ff95_84186039.jpeg?h=225&w=225
Tesco Finest Chicken Gravy 350Ml,€2.45,€7.00/litre,https://digitalcontent.api.tesco.com/v2/media/ghs/d2e88b4c-8d46-4147-9504-74892c173a3f/018c7206-7922-4896-a2be-4c1dbc0c93bc_1795484942.jpeg?h=225&w=225
Tesco Finest Orzo Pasta 500G,€1.75,€3.50/kg,https://digitalcontent.api.tesco.com/v2/media/ghs/9d332888-d5c3-4a47-bbf5-220c13574dd7/3e1de860-bb2a-48cd-9f66-8720717d1a78_404024677.jpeg?h=225&w=225
Tesco Finest Strawberry Conserve 320G,€2.29,€7.16/kg,https://digitalcontent.api.tesco.com/v2/media/ghs/126c6eef-cc0e-4558-aa9d-f099a08896b8/64dc9be4-ea8d-43ca-834a-66e9ed26d814_236688179.jpeg?h=225&w=225
Tesco Finest Tomato Mascarpone Pasta Sauce 340G,€2.20,€6.47/kg,https://digitalcontent.api.tesco.com/v2/media/ghs/6da51104-6846-4e43-81c2-b6bff0ec9537/519b5927-3153-4c5c-8ba1-46ccf1c0b917_1565856395.jpeg?h=225&w=225
Tesco Finest Raspberry Conserve 320G,€2.29,€7.16/kg,https://digitalcontent.api.tesco.com/v2/media/ghs/ff6fa72b-92cc-4324-9da6-76f4c5cecdb0/95a4fcf9-a512-4d83-a17f-b4f64f2fde45_1003187207.jpeg?h=225&w=225
Tesco Finest Sun Dried Tomato Garlic & Basil Sauce 340G,€2.20,€6.47/kg,https://digitalcontent.api.tesco.com/v2/media/ghs/e0b9b038-6552-48ed-bc85-206ae3d056b3/6e87253c-294a-44df-a925-99edc7586c54_1667709693.jpeg?h=225&w=225
Tesco Finest Chocolate Orange Cookies 200G,€2.20,€11.00/kg,https://digitalcontent.api.tesco.com/v2/media/ghs/ce8c3a9f-acb0-43f0-ac50-06c62210e08c/3109b880-929b-42f4-b9c3-6b2f43524119_597029249.jpeg?h=225&w=225
Tesco Finest Sweet Tomato Relish 220G,€1.69,€7.68/kg,https://digitalcontent.api.tesco.com/v2/media/ghs/95b6955f-d29f-4029-a9bb-bcf62f80e6d1/af317d3d-5557-4277-b5c3-f9b88bea2e86_1158580286.jpeg?h=225&w=225
Tesco Finest Quadruple Chocolate Cookies 200G,€2.20,€11.00/kg,https://digitalcontent.api.tesco.com/v2/media/ghs/a2a365f0-8649-47e3-a2c3-f6fb7d5913e0/8d97a941-7757-4647-8a7b-4c77a338f98b_546729951.jpeg?h=225&w=225
Tesco Finest Mature Cheddar And Red Onion Crisps 125G,€2.25,€18.00/kg,https://digitalcontent.api.tesco.com/v2/media/ghs/e37ed36d-0099-41ab-a1fb-7660a1873c7c/49caa6c3-a5e9-4429-a7ef-42db345a8421_2107663657.jpeg?h=225&w=225
Tesco Finest Crinkle S/Slt And White Wine Vinegar Crisps 125G,€2.25,€18.00/kg,https://digitalcontent.api.tesco.com/v2/media/ghs/aec02664-a507-4c47-9efc-130c4e26e57b/1fef4ced-0efa-4765-8c05-bd20ec41e172_429285489.jpeg?h=225&w=225
Tesco Finest Thai Inspired Swt/Ch Crisps 125G,€2.25,€18.00/kg,https://digitalcontent.api.tesco.com/v2/media/ghs/3a2971f6-fde0-4118-8410-4e93295c8317/52201b39-1ec5-40fa-943f-ec1b208ce554_733716056.jpeg?h=225&w=225
Tesco Finest Crinkle Cut Lightly Salted Crisps 125G,€2.25,€18.00/kg,https://digitalcontent.api.tesco.com/v2/media/ghs/16f7ee36-a346-4844-a810-2158efe3fc3a/56c6ed05-183e-40fd-8ac9-b4bc46db3dfb_2096837227.jpeg?h=225&w=225
Tesco Finest Sicillain Lemon Curd 150G,€1.15,€7.67/kg,https://digitalcontent.api.tesco.com/v2/media/ghs/454be461-3fa0-409b-b2b4-30eceb304e92/snapshotimagehandler_1132997322.jpeg?h=225&w=225
Tesco Finest Sage & Red Onion Stuffing 130G,€2.15,€16.54/kg,https://digitalcontent.api.tesco.com/v2/media/ghs/1ab8288f-6f19-48ee-8ec2-3034fa1d6a77/a1311b8e-7a4d-4021-a931-c6c1f071a65e_1815809930.jpeg?h=225&w=225
Tesco Finest Beef Gravy 350Ml,€2.45,€7.00/litre,https://digitalcontent.api.tesco.com/v2/media/ghs/ed779d1e-064d-48c1-8ec3-48035e40afa1/3ffd43b4-70ff-497e-a7c9-46741148b1e6_1763807017.jpeg?h=225&w=225
Tesco Finest Medium Cut Tangy Bitter Orange Marmalade 320G,€2.29,€7.16/kg,https://digitalcontent.api.tesco.com/v2/media/ghs/406a9cb3-f268-4072-8ddf-a6f72d377da7/d72e904d-5097-42a6-a4c0-fc00117700b9_757250968.jpeg?h=225&w=225
Tesco Fiin* S/Slt And White Wine Vinegar Crisps 125G,€2.25,€18.00/kg,https://digitalcontent.api.tesco.com/v2/media/ghs/da99e461-52e1-4b5b-941d-db5cd0d09fad/7f40d582-2f11-49d4-a01a-84ae9ea922d1_2127626512.jpeg?h=225&w=225
Tesco Finest Basil Pesto 190G,€2.20,€11.58/kg,https://digitalcontent.api.tesco.com/v2/media/ghs/963b493a-46a3-4e93-a885-3980d3116cbe/ae239579-61b4-4280-8ba1-c7e0a62f1967_602462977.jpeg?h=225&w=225
Tesco Finest Sea Salt & Black Pepper Hand Cooked Crisps 125g,€2.25,€18.00/kg,https://digitalcontent.api.tesco.com/v2/media/ghs/661d957b-4a10-49b3-a285-ac2a6fc20e41/bfbe09c6-ed5e-4711-97f2-9545ee54eca2_637465408.jpeg?h=225&w=225
Tesco Finest Pink Himalayan Salt Mill 95G,€1.40,€14.74/kg,https://digitalcontent.api.tesco.com/v2/media/ghs/bc485db7-2c73-4a09-a8ee-9fe54ece17ec/96c328f4-e1b0-4279-a7c6-27819582760c_624926923.jpeg?h=225&w=225
Tesco Finest Jalapeno Relish 200G,€1.69,€8.45/kg,https://digitalcontent.api.tesco.com/v2/media/ghs/e7e773af-071c-4a23-b8b2-3826d2b8caf7/8da6e7a9-201f-40a2-ab51-40796e72a403_1613806401.jpeg?h=225&w=225
Tesco Finest Carbonara Pasta Sauce 340G,€2.20,€6.47/kg,https://digitalcontent.api.tesco.com/v2/media/ghs/a5fed1f0-0060-4833-9e99-59add757c149/13005b02-86dd-40c8-8af0-9faa87e4598a_2091336231.jpeg?h=225&w=225
Tesco Finest Apricot Conserve 320G,€2.29,€7.16/kg,https://digitalcontent.api.tesco.com/v2/media/ghs/9fb5da2e-75d1-4758-ba94-b0b6212342c6/b87bad3d-a459-45e5-a7e6-af38e21f6e7a_226472182.jpeg?h=225&w=225
Tesco Finest Lime And Chilli Chutney 225G,€1.69,€7.51/kg,https://digitalcontent.api.tesco.com/v2/media/ghs/60024e26-c84f-44cc-9653-129ce9535f08/1f2fbf8c-73df-41b4-818d-42c8b3b98ef0_785585699.jpeg?h=225&w=225
Tesco Finest Balsamic Vinegar Of Modena 250Ml,€3.32,€13.28/litre,https://digitalcontent.api.tesco.com/v2/media/ghs/49a73400-2244-4e22-a785-a7ebcadf0252/4bf823a6-7564-4755-a322-fc181e533379_679673659.jpeg?h=225&w=225
Tesco Finest Belgian Dark Chocolate Bar 90G,€2.00,€22.22/kg,https://digitalcontent.api.tesco.com/v2/media/ghs/b52903fb-66b8-402a-928c-f3ac5cee59e3/93124316-e9f8-4b73-bc75-6f1717b711a4_1034437116.jpeg?h=225&w=225
Tesco Finest Dark Chocolate Ginger Cookies 200G,€2.20,€11.00/kg,https://digitalcontent.api.tesco.com/v2/media/ghs/9a407aa5-8172-4cc0-adfc-c241f5403e4c/c5a30ca1-0acf-4f24-b36a-83d38381251e_1214346726.jpeg?h=225&w=225
Tesco Finest Crinkle Cut Bbq Beef Crisps 125G,€2.25,€18.00/kg,https://digitalcontent.api.tesco.com/v2/media/ghs/694c861c-3cce-4ff3-a201-416b1412395d/f2cecc6e-71e5-4a99-8eee-3bc098e53dee_1986362766.jpeg?h=225&w=225
Tesco Finest Tomato & Chilli Pasta Sauce 340G,€2.20,€6.47/kg,https://digitalcontent.api.tesco.com/v2/media/ghs/c2d6f9ca-7210-482d-a11c-e84d9b2f5316/48bd194a-d319-4407-b4b2-0ac2138005c4_1913338457.jpeg?h=225&w=225
Tesco Finest Sundried Tomato Pesto Rosso 190G,€2.39,€12.58/kg,https://digitalcontent.api.tesco.com/v2/media/ghs/ef4b94ac-80d6-4be9-80f0-9bc8a58fc9f3/ebcb7fb5-3824-4c74-85de-62b4622797b2_1263752296.jpeg?h=225&w=225
Tesco Finest Horseradish Sauce 170G,€2.50,€14.71/kg,https://digitalcontent.api.tesco.com/v2/media/ghs/32283c36-0f87-4f9e-aeb8-9d6e9054ce16/2f1b23a2-bdc6-483a-9b08-61e764e4a3a0_1961921615.jpeg?h=225&w=225
Tesco Finest Blackcurrent Conserve 320G,€2.29,€7.16/kg,https://digitalcontent.api.tesco.com/v2/media/ghs/65b6790c-f2d8-48e7-99f2-a16b93183d14/108dad80-de01-4e79-8dbc-f5a66ff961d3_1507723127.jpeg?h=225&w=225
Tesco Finest Chicken Stock 450Ml,€2.45,€5.44/litre,https://digitalcontent.api.tesco.com/v2/media/ghs/3334ed1c-bbd7-4d61-9576-a58b8b884e2a/f98f6d06-a264-4cc3-b6c3-21bbcec30809_829629668.jpeg?h=225&w=225
Tesco Finest Rigatoni 500G 500G,€1.75,€3.50/kg,https://digitalcontent.api.tesco.com/v2/media/ghs/49987931-0e85-4762-9b39-5f163abc0b33/3a2e752f-a7fa-4846-bb58-85a55f17e514_476088902.jpeg?h=225&w=225
Tesco Finest Free From White Chocolate Cranberry Cookies 150G,€2.95,€19.67/kg,https://digitalcontent.api.tesco.com/v2/media/ghs/b278fc3c-38c2-4147-a6af-475f9b82bd88/34433a1a-9e07-4876-9af2-a8d6521bacdf_1495809964.jpeg?h=225&w=225
Tesco Finest Honey & Irish Whiskey Ham Glaze 230g,€3.00,€13.04/kg,https://digitalcontent.api.tesco.com/v2/media/ghs/35687d14-3213-4567-9e94-56f2346ac4e7/bf1c3a9c-f585-4cd1-b37c-e988c23cf820_1160438626.jpeg?h=225&w=225
Tesco Finest Super Nutty Granola 500G,€4.50,€9.00/kg,https://digitalcontent.api.tesco.com/v2/media/ghs/b56acdfe-0f29-4e73-8c54-91b63fd19f52/115671e7-d8ad-42d4-8088-c9fc74fefbbd_1178305745.jpeg?h=225&w=225
Tesco Finest Apple & Cranberry Stuffing Mix 130G,€2.15,€16.54/kg,https://digitalcontent.api.tesco.com/v2/media/ghs/48a04bd9-136c-4a8c-b8cb-23407ccd882b/fd52dd6e-df4f-4569-b56e-dcdec487fa79_1318945303.jpeg?h=225&w=225
Tesco Finest Fusilli 500G 500G,€1.75,€3.50/kg,https://digitalcontent.api.tesco.com/v2/media/ghs/f3fd2300-ad07-4435-8533-ee7b4f1cba98/5aab5932-620d-4d84-804d-5dbfbb767854_1906271282.jpeg?h=225&w=225
Tesco Finest 12 Meringue Shells,€2.95,€0.25/each,https://digitalcontent.api.tesco.com/v2/media/ghs/a44925a1-e8dd-4888-b435-01284d15d0ee/6b58f615-6e1c-4a21-89a5-d7276dbda220_1899354345.jpeg?h=225&w=225
Tesco Finest Linguine 500G,€1.75,€3.50/kg,https://digitalcontent.api.tesco.com/v2/media/ghs/06559571-e560-42a6-a12d-a2f0f632bc3e/56277bba-1983-4f86-bc2b-79b4226e612f_804473561.jpeg?h=225&w=225
Tesco Finest Kalamata Olives 210G,€2.75,€22.00/kg DR.WT,https://digitalcontent.api.tesco.com/v2/media/ghs/b207edd8-bc02-4048-a804-7002a6cbba98/d7107cdc-9b11-45c9-acf7-f98468355952_1135171031.jpeg?h=225&w=225
Tesco Finest Honey & Spiced Apple Ham Glaze 230g,€3.00,€13.04/kg,https://digitalcontent.api.tesco.com/v2/media/ghs/f0ca8248-3fc9-44e8-997f-7aee72bf4c6b/47f621b6-46c0-48e4-9749-a8bad77dd327_544396826.jpeg?h=225&w=225
Tesco Finest Belgian Dark Chocolate Peppermint Bar 90G,€2.00,€22.22/kg,https://digitalcontent.api.tesco.com/v2/media/ghs/55e4ba2a-b019-4196-8fc4-60f2d47dc869/3dbc3db7-2c67-4590-9326-ec4a1faf5055_1423060715.jpeg?h=225&w=225
Tesco Finest Sicilian Extra Virgin Olive Oil 500Ml,€10.80,€21.60/litre,https://digitalcontent.api.tesco.com/v2/media/ghs/ba191f19-ffad-41c1-a61c-58c35843de31/479d6c94-eeea-4f5d-8c13-eff5b1099e74_109067837.jpeg?h=225&w=225
Tesco Finest Spaghetti Bucatini 500G,€1.75,€3.50/kg,https://digitalcontent.api.tesco.com/v2/media/ghs/187ad5f1-430b-4646-b4e2-a51bf73b9bda/d98cdce3-aaba-45c0-9d97-98b270b65571_826364051.jpeg?h=225&w=225
Tesco Finest Free From Dark Chocolate Ginger Cookies 150G,€2.95,€19.67/kg,https://digitalcontent.api.tesco.com/v2/media/ghs/626d1c0b-609f-420f-b311-c3a3832f0c56/256b765f-0cff-4796-aa2b-eaed25e7f4e0.jpeg?h=225&w=225
Tesco Finest Casarecce 500G,€1.75,€3.50/kg,https://digitalcontent.api.tesco.com/v2/media/ghs/f32e5c41-49a9-4ca1-be6e-ffe43ad82000/be6e895b-3ad8-432c-b15c-8013ca599330_2142305109.jpeg?h=225&w=225
Tesco Finest Medium Cut Bittersweet 3 Fruit Marmalade 320G,€2.29,€7.16/kg,https://digitalcontent.api.tesco.com/v2/media/ghs/9cae83e1-5b05-4962-8eae-0074191314a0/27e20733-5b20-4aac-84d9-2ab6127d3aca_1515826481.jpeg?h=225&w=225
Tesco Finest Belgian Smooth Milk Chocolate Bar 90G,€2.00,€22.22/kg,https://digitalcontent.api.tesco.com/v2/media/ghs/b68da4c3-3a7e-4bcb-9032-9562b9a9e214/1c9daa7f-f0b3-497f-b51a-8b83042c66a4_194892104.jpeg?h=225&w=225
Tesco Finest Pitted Halkidiki Olives 210G,€2.75,€28.95/kg DR.WT,https://digitalcontent.api.tesco.com/v2/media/ghs/2231f3a4-ad68-44e1-892a-476a1be42386/6fe5b0d1-eb1a-4765-a86c-5781f79f0754_1547473357.jpeg?h=225&w=225
Tesco Finest* Chicken Mozzarella Stuffing 560G,€5.50,€9.82/kg,https://digitalcontent.api.tesco.com/v2/media/ghs/1ef13d45-f7dd-42ec-8001-c9cb858c4f82/f2be2947-871d-4fea-bbdf-3c6cb543750c_1681212983.jpeg?h=225&w=225
Tesco Finest Rhubarb And Madagascan Vanilla Conserve 320G,€2.29,€7.16/kg,https://digitalcontent.api.tesco.com/v2/media/ghs/55746fe5-bb89-412d-9b27-7beb02f430c8/ac016cd7-b67e-4aa1-aeea-2524996dfee8_1831773739.jpeg?h=225&w=225
Tesco Finest Orecchiette 500G,€1.75,€3.50/kg,https://digitalcontent.api.tesco.com/v2/media/ghs/d5815c6f-4c65-4330-b2ef-51cfb7851584/fd40fcd1-28b2-494d-aac7-662fe49fb63f_573965407.jpeg?h=225&w=225
Tesco Finest Penne Rigate 500g,€1.75,€3.50/kg,https://digitalcontent.api.tesco.com/v2/media/ghs/59a87bc9-53a0-421c-b57e-69c30f274820/50ce4113-5412-4500-b6c6-fece26297112_1139437811.jpeg?h=225&w=225
Tesco Finest Sardines In Water 105G,€1.30,€18.31/kg DR.WT,https://digitalcontent.api.tesco.com/v2/media/ghs/a1a55416-cd39-48ef-9ee3-cbca6bf82cbe/fae1d590-e3d3-49bf-b458-1ae3952c77bd_816046361.jpeg?h=225&w=225
Tesco Finest British Bramley Apple Sauce With Cider 200G,€1.85,€9.25/kg,https://digitalcontent.api.tesco.com/v2/media/ghs/55295235-5b8f-47a5-8772-753a38783219/e26db42b-6d5a-418b-882f-20b394eda50f_557562425.jpeg?h=225&w=225
Tesco Finest Garlic Stuffed Olives 210G,€2.75,€0.03/kg DR.WT,https://digitalcontent.api.tesco.com/v2/media/ghs/53935075-67bd-4f77-91a9-51fd621ff688/736e0a45-5a99-4c13-aa26-1fe1056e3381_1825310519.jpeg?h=225&w=225
Tesco Finest Conchiglie 500G 500G,€1.75,€3.50/kg,https://digitalcontent.api.tesco.com/v2/media/ghs/64d2c7be-cf91-43ab-b533-3941de675156/cac6df5f-0741-4bb1-8c86-11d943b3b063_186974482.jpeg?h=225&w=225
Tesco Finest Belgian Chocolate Vanilla And Salted Caramel Bar 90G,€2.00,€22.22/kg,https://digitalcontent.api.tesco.com/v2/media/ghs/7a9cf06d-a827-4154-b032-97d468837e40/37cbc8cf-d7e6-4afe-ba91-3f9ee73453c4_1263232003.jpeg?h=225&w=225
Tesco Finest Beef Stock 450Ml,€2.60,€5.78/litre,https://digitalcontent.api.tesco.com/v2/media/ghs/aa508159-fd6a-43b6-b539-679d635f53d2/b474f968-a270-4303-b6f4-b9ec66175580_676170706.jpeg?h=225&w=225
Tesco Finest Gigli 500G 500G,€1.75,€3.50/kg,https://digitalcontent.api.tesco.com/v2/media/ghs/e0be7bc5-fd6e-4dc5-9949-13e2a4b02bba/e194fdd6-6886-405a-b1ba-57a17bd2dd1e_1826969418.jpeg?h=225&w=225
Tesco Finest Fruit Nut & Seed Muesli 500G,€4.00,€8.00/kg,https://digitalcontent.api.tesco.com/v2/media/ghs/e9237394-665f-4c5a-a7fc-99554a75a03f/4fe0e678-2f14-402b-9309-2892a33024a5_572623162.jpeg?h=225&w=225
Tesco Finest Free From Oat & Raisin Cookies 150G,€2.95,€19.67/kg,https://digitalcontent.api.tesco.com/v2/media/ghs/a2ff1bfd-2f35-4937-999a-2fcfb4290cdd/847bacb8-9575-4151-84fc-837a267e8cec_1585418052.jpeg?h=225&w=225
Tesco Finest Belgian Milk Chocolate Orange Bar 90G,€2.00,€22.22/kg,https://digitalcontent.api.tesco.com/v2/media/ghs/5f7146f3-ed54-4042-b949-060492f5ed3c/28024ceb-7048-4770-aa03-9020a4024486_1858335087.jpeg?h=225&w=225
Tesco Finest Alphonso Mango & Passion Fruit Coulis 275G,€3.25,€11.82/kg,https://digitalcontent.api.tesco.com/v2/media/ghs/44f6190d-b412-4896-be0b-01c35063fb00/36982b37-b5d9-4d45-b6ba-83a7b4bedd52_751282896.jpeg?h=225&w=225
Tesco Finest Tartare Sauce 175G,€2.50,€14.29/kg,https://digitalcontent.api.tesco.com/v2/media/ghs/d24a282f-2691-48a5-8f01-8efb92f105db/47c1aa0d-d5d1-4975-8c71-016d0d3ae3e8_1170091527.jpeg?h=225&w=225
Tesco Finest French Dressing 225Ml,€2.85,€12.67/litre,https://digitalcontent.api.tesco.com/v2/media/ghs/739f7cc5-6d8e-486f-9379-c6975b78ad0a/e948705b-2a36-48c6-9798-8d102c1f78fa_1275028945.jpeg?h=225&w=225
"Tesco Finest Sardines With Chilli, Lime & Coriander 105G",€1.30,€12.38/kg,https://digitalcontent.api.tesco.com/v2/media/ghs/2a51edab-08af-403e-b4dc-956b69035f20/14c3009b-908d-4f53-ad36-f19a6435983d_718846596.jpeg?h=225&w=225
Tesco Finest Jalapeno Stuffed Olives 210G,€2.75,€26.19/kg DR.WT,https://digitalcontent.api.tesco.com/v2/media/ghs/552a3ac2-d4c7-46cb-b1fe-0ac37e1079f7/6b2b3c68-bd6d-4cb8-b7bf-e5d68b7bd9eb_1076791569.jpeg?h=225&w=225
Tesco Finest Sardines In Paprika & Tomato Sauce 105G,€1.30,€12.38/kg,https://digitalcontent.api.tesco.com/v2/media/ghs/bbf6f888-dbf0-4e79-980e-ce3945fc2200/6c0172be-76c2-48a3-818f-1a6373e7d53d_409208585.jpeg?h=225&w=225
Tesco Finest Mackerel With Black Pepper 110G,€1.95,€17.73/kg,https://digitalcontent.api.tesco.com/v2/media/ghs/b3544528-f894-4d95-818a-0e4c24011e6f/fce73e73-b64a-4390-a322-f17687c53119_1915650393.jpeg?h=225&w=225
Tesco Finest Hot Smoked Mackerel Fillets 110G,€1.95,€27.86/kg DR.WT,https://digitalcontent.api.tesco.com/v2/media/ghs/b24b20b6-6044-4856-ae15-05f95ae3b6c5/c9afae56-0aa2-437f-b41f-91948b02b211_1240466762.jpeg?h=225&w=225
Tesco Finest Tellicherry Pepper Corn Grinder 45G,€4.39,€97.56/kg,https://digitalcontent.api.tesco.com/v2/media/ghs/7ee8a13a-5426-4f21-b8cb-1ef774c91d16/81d3fb58-1e65-4688-82a0-ef6956ce2068_1039075043.jpeg?h=225&w=225
Tesco Finest All Buttermini Tartlets 9S 90G,€3.70,€41.11/kg,https://digitalcontent.api.tesco.com/v2/media/ghs/af44084a-29b8-4b97-84a6-6b4ee91e00ab/246a8e8f-1ea8-451d-b732-9ddbd371cf1c_973433442.jpeg?h=225&w=225
Tesco Finest Berry & Cherry Museli 500G,€2.65,€5.30/kg,https://digitalcontent.api.tesco.com/v2/media/ghs/32b1b4cf-64e3-4905-b8ab-d395248c0ab5/aee35686-4917-4c14-b89e-dfd91aec6837_1308731797.jpeg?h=225&w=225
Tesco Finest Semi Dried Cherry Tomatoes 285G,€3.50,€19.44/kg DR.WT,https://digitalcontent.api.tesco.com/v2/media/ghs/ba8d5e0e-611b-48a0-9251-fc398f3b6ebe/22e3765b-32c3-4569-ab57-b09ffb3fe393_1476642706.jpeg?h=225&w=225
Tesco Finest Triple Belgian Chocolate 4 Pack Cookies,€3.00,€0.75/each,https://digitalcontent.api.tesco.com/v2/media/ghs-mktg/b0b04216-fa73-466d-a9d7-c9fcfa1ce9b3/no-image.jpeg
Tesco Finest 4 Pack Belgian White Chocolate & Honeycomb Cookies,€3.00,€0.75/each,https://digitalcontent.api.tesco.com/v2/media/ghs-mktg/b0b04216-fa73-466d-a9d7-c9fcfa1ce9b3/no-image.jpeg
Tesco Finest Nocellara Olives 200G,€2.75,€22.92/kg DR.WT,https://digitalcontent.api.tesco.com/v2/media/ghs/7bf7ea3c-17d7-44c8-beac-77c02d756085/c8d4faf0-f18a-4bf6-bf1e-13479f6cc31f_1732673050.jpeg?h=225&w=225
Tesco Finest Portobello Mushrooms 280G,€3.50,€23.33/kg DR.WT,https://digitalcontent.api.tesco.com/v2/media/ghs/a41458a5-94ac-4a86-97ab-1974efdc00ab/5f3cd707-21a8-4682-9401-9b69fe26f657_1749334865.jpeg?h=225&w=225
Tesco Finest Caperberries 280G,€3.50,€25.00/kg DR.WT,https://digitalcontent.api.tesco.com/v2/media/ghs/dc71adbd-7fa1-4416-b723-a3ab62a71544/758fdfb8-c2d2-45fc-9987-5ffae461df93_1718721726.jpeg?h=225&w=225
Tesco Finest Milk Chocolate And Orange 4 Pack Cookies,€3.00,€0.75/each,https://digitalcontent.api.tesco.com/v2/media/ghs-mktg/b0b04216-fa73-466d-a9d7-c9fcfa1ce9b3/no-image.jpeg
Tesco Finest Orange Blossom Honey 340G,€3.99,€11.74/kg,https://digitalcontent.api.tesco.com/v2/media/ghs/0e434d96-6cdf-4c0d-be5c-dfbfd417610c/5c80877d-98e1-45aa-84f4-5a4e3e56eb06_1218002805.jpeg?h=225&w=225
Tesco Finest Marc De Champagne Boxed Truffles 140G,€8.00,€57.14/kg,https://digitalcontent.api.tesco.com/v2/media/ghs/60263055-421d-4099-891f-172a159c0f0a/8bfe7fc6-d172-4b07-a91e-76c955182556_303666698.jpeg?h=225&w=225
