Title,Price,Promotional Price,Price Per,Product URL,Image URL
Scotts Double Chocolate Mini Muffins 290G,€1.35,,€4.66/kg,https://www.tesco.ie/groceries/en-IE/products/310844489,https://digitalcontent.api.tesco.com/v2/media/ghs/a5c9a9e6-464c-4895-bc8e-eaad97833e4f/1ec31679-5a7d-4154-8403-ed7296dfff78_1799926084.jpeg?h=225&w=225
Cadbury Chocolate Mini Roll 10 Pack,€5.95,,€0.60/each,https://www.tesco.ie/groceries/en-IE/products/295848830,https://digitalcontent.api.tesco.com/v2/media/ghs/f267b3b5-5c63-4855-95aa-5b2dd11d4292/84a72625-f79e-4423-ac68-6e7137a585f4_1381635453.jpeg?h=225&w=225
Scotts Chocolate Chip Mini Muffins 290G,€1.35,,€4.66/kg,https://www.tesco.ie/groceries/en-IE/products/311211217,https://digitalcontent.api.tesco.com/v2/media/ghs/7086da9e-04ba-40fa-8325-5d2112f6b87a/fc9c2c73-7833-4873-8ecd-2f8875e91ecf_1319389166.jpeg?h=225&w=225
Tesco Bramley Apple Pies 6 Pack,€1.50,,€0.25/each,https://www.tesco.ie/groceries/en-IE/products/257313927,https://digitalcontent.api.tesco.com/v2/media/ghs/723f151c-d313-4907-a3b7-9f16d5199597/5aec4b8b-f9ec-4c12-bd2b-bca1729920e7.jpeg?h=225&w=225
Tesco Maderia Cake 275G,€2.00,,€7.27/kg,https://www.tesco.ie/groceries/en-IE/products/291913713,https://digitalcontent.api.tesco.com/v2/media/ghs/67f87c40-4a9f-4c2b-bb5a-f05e914cc83e/30b83003-1d73-4a55-bb97-4d11a73d79c5_401797828.jpeg?h=225&w=225
Tesco Finest Bramley Apple Tart 800G,€5.35,,€6.69/kg,https://www.tesco.ie/groceries/en-IE/products/298413666,https://digitalcontent.api.tesco.com/v2/media/ghs/54cf884f-acd1-4d14-869c-38b4a49528a9/snapshotimagehandler_658681687.jpeg?h=225&w=225
Tesco Maderia Queens 280G,€1.86,,€6.64/kg,https://www.tesco.ie/groceries/en-IE/products/291913870,https://digitalcontent.api.tesco.com/v2/media/ghs/93b7f841-f18b-4112-a4ca-9a31fed4b744/fefce1e9-ad12-45c2-b1be-b3112b5c7326_743464992.jpeg?h=225&w=225
Matte Reilly Cakes 7 Almond Fingers 325G,€1.99,,€6.12/kg,https://www.tesco.ie/groceries/en-IE/products/309486798,https://digitalcontent.api.tesco.com/v2/media/ghs/f3de44d8-a091-4bf8-ad94-e472ce31ff70/snapshotimagehandler_596314849.jpeg?h=225&w=225
Tesco Fruit Brack 454G,€2.75,,€6.06/kg,https://www.tesco.ie/groceries/en-IE/products/280139892,https://digitalcontent.api.tesco.com/v2/media/ghs/ecce3f7b-a322-475e-bf4a-5f93826c6cb0/snapshotimagehandler_1067542818.jpeg?h=225&w=225
Mr Kipling French Fancies 8 Pack,€4.49,€3.00 Clubcard Price,€0.56/each,https://www.tesco.ie/groceries/en-IE/products/254947412,https://digitalcontent.api.tesco.com/v2/media/ghs/778b2a77-59fc-44ac-942a-c0f478a13a51/f7214cd0-fc10-4616-8d63-4de581ef4489.jpeg?h=225&w=225
Tesco Cherry Bakewell Tarts 6 Pack,€2.20,,€0.37/each,https://www.tesco.ie/groceries/en-IE/products/268405088,https://digitalcontent.api.tesco.com/v2/media/ghs/3ef301eb-d9d7-4948-aebc-5583ce9ebb82/e9ec022b-4077-480f-b6a9-affe7d78402e.jpeg?h=225&w=225
Cadbury Raspberry Mini Roll 10 Pack,€5.95,,€0.60/each,https://www.tesco.ie/groceries/en-IE/products/295848818,https://digitalcontent.api.tesco.com/v2/media/ghs/008d0e7a-2d0a-4097-a771-5713875d4e59/2375e215-89d9-4e46-bb8f-b7232cfb97f3_2140113483.jpeg?h=225&w=225
Tesco Mollys Twin Pack Maderia 550G,€2.85,,€5.18/kg,https://www.tesco.ie/groceries/en-IE/products/302144172,https://digitalcontent.api.tesco.com/v2/media/ghs/d17405a6-9240-4aba-b12a-a20453cc9993/38b80c55-ed4d-4a0e-9819-a55bd0fb8921_751747702.jpeg?h=225&w=225
Tesco Fruit Queens 345G,€1.89,,€5.48/kg,https://www.tesco.ie/groceries/en-IE/products/291914015,https://digitalcontent.api.tesco.com/v2/media/ghs/2d93fbe9-b061-444f-b3d3-40a8f8adf785/1ed9f6d8-f2ce-432f-9490-c02939757034_2082547861.jpeg?h=225&w=225
Coolmore Carrot Cake 400G,€4.00,,€10.00/kg,https://www.tesco.ie/groceries/en-IE/products/269142686,https://digitalcontent.api.tesco.com/v2/media/ghs/9377c1d4-c806-43ce-8d36-ef50c15ade62/snapshotimagehandler_135705886.jpeg?h=225&w=225
Tesco Finest Chocolate Cake,€4.00,,€4.00/each,https://www.tesco.ie/groceries/en-IE/products/253018385,https://digitalcontent.api.tesco.com/v2/media/ghs/507a2279-47d8-4402-b2bc-6ac13d5f72e8/db47c35a-1b47-44c2-b332-06ae85d9bd8b.jpeg?h=225&w=225
Mr Kipling Bramley Apple Pies 6 Pack,€5.55,€3.00 Clubcard Price,€0.92/each,https://www.tesco.ie/groceries/en-IE/products/254948273,https://digitalcontent.api.tesco.com/v2/media/ghs/5906ee47-3011-47b1-99e1-025f8d6e91a4/ca9a27b0-a84d-42d0-86dd-ef0e780a9c4f.jpeg?h=225&w=225
Coolmore Lemon Cake 400G,€4.00,,€10.00/kg,https://www.tesco.ie/groceries/en-IE/products/269142707,https://digitalcontent.api.tesco.com/v2/media/ghs/09f9088b-48e2-4400-b6cd-14ff9936cf89/snapshotimagehandler_1306934745.jpeg?h=225&w=225
Coolmore Chocolate Cake 400G,€4.00,,€10.00/kg,https://www.tesco.ie/groceries/en-IE/products/269142696,https://digitalcontent.api.tesco.com/v2/media/ghs/bbd842ec-d014-4e24-8dd0-4f9e4ab90521/snapshotimagehandler_1106941228.jpeg?h=225&w=225
Bonne Maman La Madeleine 7 Pack,€3.25,,€18.57/kg,https://www.tesco.ie/groceries/en-IE/products/278702176,https://digitalcontent.api.tesco.com/v2/media/ghs/ae71ffbf-28bf-4e85-b476-68fbbc894d3b/6c42b8a3-de13-4e5a-bd1e-0f4e721a957b_1679690263.jpeg?h=225&w=225
Gateaux Raspberry Roll 185G,€3.49,,€3.49/each,https://www.tesco.ie/groceries/en-IE/products/301964942,https://digitalcontent.api.tesco.com/v2/media/ghs/7af235a7-0c2e-4512-88a3-c3a7685f0d10/snapshotimagehandler_1137570264.jpeg?h=225&w=225
Tesco Apple Tart 500G,€3.20,,€6.40/kg,https://www.tesco.ie/groceries/en-IE/products/304901794,https://digitalcontent.api.tesco.com/v2/media/ghs-mktg/b0b04216-fa73-466d-a9d7-c9fcfa1ce9b3/no-image.jpeg
Ms Mollys Chocolate Celeb Cake 800G,€6.00,,€7.50/kg,https://www.tesco.ie/groceries/en-IE/products/302143708,https://digitalcontent.api.tesco.com/v2/media/ghs/3a9c709a-7491-4a00-8fb3-6d9a73e27c20/snapshotimagehandler_1950502180.jpeg?h=225&w=225
Tesco 6 Angel Cake Slices 160G,€2.00,,€12.50/kg,https://www.tesco.ie/groceries/en-IE/products/311932274,https://digitalcontent.api.tesco.com/v2/media/ghs/4737f16b-f2ef-46e8-a394-49fb985c81f9/bc8636a3-df3d-434b-8ffa-01e8d54ba5f9_520327904.jpeg?h=225&w=225
Tesco Fruited Tea Loaf 600G,€2.90,,€4.83/kg,https://www.tesco.ie/groceries/en-IE/products/285725985,https://digitalcontent.api.tesco.com/v2/media/ghs/51525ddc-bd5b-4cfe-a082-f9b28c406911/snapshotimagehandler_935492187.jpeg?h=225&w=225
Tesco Finest Coffee & Walnut Cake,€4.00,,€4.00/each,https://www.tesco.ie/groceries/en-IE/products/253140037,https://digitalcontent.api.tesco.com/v2/media/ghs/9329e027-fda5-45b4-bd7b-df5b0bd20bcb/82f636c8-8148-4e3a-80d9-a463797e3ebb.jpeg?h=225&w=225
Tesco Chocolate Brownie 240G,€3.00,,€12.50/kg,https://www.tesco.ie/groceries/en-IE/products/305967495,https://digitalcontent.api.tesco.com/v2/media/ghs/5e2a9f0b-5b95-428d-8126-df676373b713/109d8f71-ae36-4cbe-a7b5-259e260957a6.jpeg?h=225&w=225
Mr Kipling Cherry Bakewells 6 Pack,€5.55,€3.00 Clubcard Price,€0.92/each,https://www.tesco.ie/groceries/en-IE/products/254947838,https://digitalcontent.api.tesco.com/v2/media/ghs/39daff34-42c1-4ce2-9710-deb3d136e062/291f6f29-c27b-42d9-850e-300e8437b396.jpeg?h=225&w=225
Mr Kipling Viennese Whirls 6 Pack,€4.65,€3.00 Clubcard Price,€0.78/each,https://www.tesco.ie/groceries/en-IE/products/252958742,https://digitalcontent.api.tesco.com/v2/media/ghs/ccf77dbf-441e-408d-bb26-40f84f7ff96d/6ce5526c-57f2-405a-b665-403b5b3124ee.jpeg?h=225&w=225
Tesco 6 Lemon Cake Slices 160G,€2.20,,€13.75/kg,https://www.tesco.ie/groceries/en-IE/products/312093285,https://digitalcontent.api.tesco.com/v2/media/ghs/8b9adc70-d85b-4990-a468-d5bc38f49db8/2a72f74f-c9a6-4f02-a4a5-22bb07d6c3f3_1710291053.jpeg?h=225&w=225
Gateaux Ripple Roll 205G,€3.49,,€3.49/each,https://www.tesco.ie/groceries/en-IE/products/301964965,https://digitalcontent.api.tesco.com/v2/media/ghs/7f910415-6e56-49c6-ab88-e356c2c5d4c4/snapshotimagehandler_2093861633.jpeg?h=225&w=225
Coolmore Coffee & Walnut Cake 400G,€4.00,,€10.00/kg,https://www.tesco.ie/groceries/en-IE/products/305825698,https://digitalcontent.api.tesco.com/v2/media/ghs/b5f82e1c-90c5-4b2f-9058-7b55609837dd/fe20e635-2a59-4831-90c8-9849fa68100f_866759235.jpeg?h=225&w=225
Tesco Assorted Jam Tarts 6 Pack,€1.65,,€0.28/each,https://www.tesco.ie/groceries/en-IE/products/254947936,https://digitalcontent.api.tesco.com/v2/media/ghs/d303eb1e-2f53-4439-822b-1e5f49fb0cfe/d2376358-2b80-4e94-b1b6-9b203891ffa8.jpeg?h=225&w=225
Tesco Portugese Pastel De Nata 4 Pack,€3.00,,€0.75/each,https://www.tesco.ie/groceries/en-IE/products/309781523,https://digitalcontent.api.tesco.com/v2/media/ghs/d6660fd5-38dd-4f7c-8594-5c6ce551bbd4/28fd78a6-c8fa-4ae8-99df-d5f19bf8de24_1229475326.jpeg?h=225&w=225
Mr Kipling Angel Slice 8 Pack,€4.65,€3.50 Clubcard Price,€0.58/each,https://www.tesco.ie/groceries/en-IE/products/295848853,https://digitalcontent.api.tesco.com/v2/media/ghs/2e6dfde4-a771-4faa-8d04-4daf7711a865/045e6904-d227-41eb-bc5f-c115c6d91b89.jpeg?h=225&w=225
Matte Reilly Cakes Jam Bakes 320G,€3.50,,€10.94/kg,https://www.tesco.ie/groceries/en-IE/products/309206716,https://digitalcontent.api.tesco.com/v2/media/ghs/12df46fd-e2d4-41fe-80d9-6b18e70cb8ac/ce8bbdb5-fd8e-4ab0-8835-6a63fe00c05d_1280416255.jpeg?h=225&w=225
Tesco Finest Red Velvet Cake,€4.00,,€4.00/each,https://www.tesco.ie/groceries/en-IE/products/312222364,https://digitalcontent.api.tesco.com/v2/media/ghs/b84c15b7-a861-45da-9f68-857f0facf4f5/1550273e-4140-4d3d-b716-14c88800b3fe.jpeg?h=225&w=225
Ms Molly Jumbo Strawberry & Vanilla Swiss Roll,€1.75,,€1.75/each,https://www.tesco.ie/groceries/en-IE/products/299999598,https://digitalcontent.api.tesco.com/v2/media/ghs/34f0d447-8446-4cd6-94f3-99db023045a9/75251f49-5e30-41aa-a51a-d13f97ef3f8b_1090328236.jpeg?h=225&w=225
Apple Puff Pies 4 Pack,€3.00,,€0.75/each,https://www.tesco.ie/groceries/en-IE/products/253819848,https://digitalcontent.api.tesco.com/v2/media/ghs/67f70d88-9f93-4324-b0ae-97cdf0e128bf/snapshotimagehandler_2114284674.jpeg?h=225&w=225
Tesco Strawberry & Cream Swiss Roll,€2.20,,€2.20/each,https://www.tesco.ie/groceries/en-IE/products/299999673,https://digitalcontent.api.tesco.com/v2/media/ghs/303803cd-4eac-41df-8ace-1f04740e5a89/1288e351-d8e7-4a46-869b-74c903733cc2.jpeg?h=225&w=225
Gateaux Swiss,€3.49,,€17.90/kg,https://www.tesco.ie/groceries/en-IE/products/301210591,https://digitalcontent.api.tesco.com/v2/media/ghs/3b6aacb6-89a2-4000-9ccf-81ce54654c42/snapshotimagehandler_1201674684.jpeg?h=225&w=225
Tesco Finest Oxford Lunch Cake 500G,€3.50,,€7.00/kg,https://www.tesco.ie/groceries/en-IE/products/310689807,https://digitalcontent.api.tesco.com/v2/media/ghs/cea80ce7-e301-4570-800a-0f75224e2824/07d910f2-01de-4840-87f9-71abbd869ffa_1953503542.jpeg?h=225&w=225
Mr Kipling Almond Slices 6 Pack,€4.35,,€0.72/each,https://www.tesco.ie/groceries/en-IE/products/254947308,https://digitalcontent.api.tesco.com/v2/media/ghs/a667793e-7205-4705-82e1-d751672e7ff2/4a7db5f0-75e1-4564-b823-71f63bba8403.jpeg?h=225&w=225
Tesco Lemon Swiss Roll ..,€2.20,,€2.20/each,https://www.tesco.ie/groceries/en-IE/products/299999713,https://digitalcontent.api.tesco.com/v2/media/ghs/1c6afffd-ad35-41de-9715-445e5355496e/240d33ca-a85f-496b-8884-5b9f83bd702e.jpeg?h=225&w=225
Comerfords Cakes Madeira Cake 300G,€2.49,,€8.30/kg,https://www.tesco.ie/groceries/en-IE/products/311201391,https://digitalcontent.api.tesco.com/v2/media/ghs-mktg/b0b04216-fa73-466d-a9d7-c9fcfa1ce9b3/no-image.jpeg
Bonne Maman Chocolate Madeleines 210G,€3.55,,€16.90/kg,https://www.tesco.ie/groceries/en-IE/products/279422851,https://digitalcontent.api.tesco.com/v2/media/ghs/1ce125c6-a4ba-4eef-9983-255940783000/341203e0-d8de-4de7-b6b3-510e550a8422_1755925777.jpeg?h=225&w=225
Gateaux Pineapple Log 205G,€3.49,,€17.02/kg,https://www.tesco.ie/groceries/en-IE/products/250798542,https://digitalcontent.api.tesco.com/v2/media/ghs/64005e20-3c8d-45c7-b6bb-f572b25b3b75/f604258d-9112-484e-9dc7-0a7ad6a7e70f_571844139.jpeg?h=225&w=225
Tesco Raspberry Sponge Cake,€2.25,,€2.25/each,https://www.tesco.ie/groceries/en-IE/products/255538238,https://digitalcontent.api.tesco.com/v2/media/ghs/9541ce8f-d7d6-4d82-b285-5bb01b623405/09a2863d-d9da-4f16-808f-edc3d72f9415.jpeg?h=225&w=225
Tesco Slinky Caterpillar Cake,€12.50,,€12.50/each,https://www.tesco.ie/groceries/en-IE/products/259405113,https://digitalcontent.api.tesco.com/v2/media/ghs/ec9a8ba6-f840-42ce-9cd6-2c60b0a4c1a0/2d40b902-0a03-4300-a92c-a0cb0548f2a8.jpeg?h=225&w=225
Mr Kipling 8 Lemon Fancies Sponge Cakes,€4.05,€3.50 Clubcard Price,€0.51/each,https://www.tesco.ie/groceries/en-IE/products/305972367,https://digitalcontent.api.tesco.com/v2/media/ghs/915a4baa-5848-4e06-bd8b-1a8c9d436024/89275b26-7581-417f-ae5a-ced6a0044644_217815779.jpeg?h=225&w=225
Oharas Foxford Lunch 500G,€5.00,,€10.00/kg,https://www.tesco.ie/groceries/en-IE/products/301134715,https://digitalcontent.api.tesco.com/v2/media/ghs/9f2d45db-8664-4c7d-85bc-50b3476801a4/snapshotimagehandler_1963566266.jpeg?h=225&w=225
Stafford's Bkry Chester Cake 450G,€3.29,,€7.31/kg,https://www.tesco.ie/groceries/en-IE/products/277082529,https://digitalcontent.api.tesco.com/v2/media/ghs/bad3d1a1-86cc-4cb6-8d26-cdd6fb9b0ef1/snapshotimagehandler_1581411966.jpeg?h=225&w=225
Mr Kipling Lemon Slice 8 Pack,€4.65,€3.50 Clubcard Price,€0.58/each,https://www.tesco.ie/groceries/en-IE/products/295848876,https://digitalcontent.api.tesco.com/v2/media/ghs/d9ff78f5-a2de-4677-a924-08f14834a2f0/a6925996-ad29-482f-a9c7-c0079cead9d7.jpeg?h=225&w=225
Manorhill Bakery Apple Tart 700G,€5.99,,€8.56/kg,https://www.tesco.ie/groceries/en-IE/products/282570935,https://digitalcontent.api.tesco.com/v2/media/ghs/4337a2c8-b21b-4c04-99a0-100c02e88d6f/snapshotimagehandler_1157365841.jpeg?h=225&w=225
Tesco Double Chocolate Swiss Roll,€2.20,,€2.20/each,https://www.tesco.ie/groceries/en-IE/products/299999696,https://digitalcontent.api.tesco.com/v2/media/ghs/f690e6c4-72dc-4ec2-adab-03ef9751b85a/46817962-7a98-4779-89b6-d10c35097b33.jpeg?h=225&w=225
Mr Kipling Bakewell Slices 6 Pack,€4.35,,€0.72/each,https://www.tesco.ie/groceries/en-IE/products/254947337,https://digitalcontent.api.tesco.com/v2/media/ghs/a53e384c-7385-4d51-a0bc-96ea1a6eb03f/f7644605-f81c-4c58-9066-42fa61aaf804.jpeg?h=225&w=225
Tesco Flapjack 240G,€3.00,,€12.50/kg,https://www.tesco.ie/groceries/en-IE/products/305968062,https://digitalcontent.api.tesco.com/v2/media/ghs/ce0a93ea-8722-4051-9b8a-9b8492de553d/7f9b387c-c455-401e-9c8d-67d5037f69bf_1586456541.jpeg?h=225&w=225
Broderick's Bites Rocky Road 162G,€3.35,,€20.68/kg,https://www.tesco.ie/groceries/en-IE/products/306659956,https://digitalcontent.api.tesco.com/v2/media/ghs/466dca5c-3851-4087-8c6f-41beb5da570e/6e37f0b6-22fd-4da5-bbc5-6ead08762bbf_548784770.jpeg?h=225&w=225
Tesco Finest White Chocolate & Strawberry Cake,€4.00,,€4.00/each,https://www.tesco.ie/groceries/en-IE/products/264982901,https://digitalcontent.api.tesco.com/v2/media/ghs/dbc6d5b4-c3f5-4ed7-a314-d6c797e39f8d/64a57959-93a9-426e-99e2-2b2e6bfbf6e1.jpeg?h=225&w=225
Gateaux Mini Cakes Chocolate Flavoured 10X35g,€4.09,,€11.69/kg,https://www.tesco.ie/groceries/en-IE/products/310182845,https://digitalcontent.api.tesco.com/v2/media/ghs/fa4d3204-1dcb-4581-9185-22767e98967c/66d1370e-530c-41d1-98c3-fe15eaa541e2_1479479003.jpeg?h=225&w=225
Scotts Mini Assorted Cupcakes 9Pack,€3.20,,€0.36/each,https://www.tesco.ie/groceries/en-IE/products/294349368,https://digitalcontent.api.tesco.com/v2/media/ghs/7e754136-7faa-4fd1-a9ee-8bc26ad44097/snapshotimagehandler_929999349.jpeg?h=225&w=225
Tesco Chocolate Tray Bake,€9.00,,€9.00/each,https://www.tesco.ie/groceries/en-IE/products/314841359,https://digitalcontent.api.tesco.com/v2/media/ghs/b053758d-595c-44b5-892b-da781c851fdb/21c2e174-27ab-4e82-a079-f5118317a567.jpeg?h=225&w=225
Oharas Fruit Cake 410G,€3.35,,"€3,350.00/kg",https://www.tesco.ie/groceries/en-IE/products/296234299,https://digitalcontent.api.tesco.com/v2/media/ghs/7495e50c-f04d-4647-8bdf-d8c0c8060007/356bba23-c3ff-43f9-89f5-931b8384d90d_1101245343.jpeg?h=225&w=225
Tesco Finest Victoria Sponge Cake,€4.00,,€4.00/each,https://www.tesco.ie/groceries/en-IE/products/312110479,https://digitalcontent.api.tesco.com/v2/media/ghs/f20ea4ff-5516-48a8-8f20-d08b736dd8c9/f9e7f81c-009d-436d-8283-0f67a7438fb0.jpeg?h=225&w=225
Stapletons Fruit Loaf 400G,€1.79,,€4.48/kg,https://www.tesco.ie/groceries/en-IE/products/285595242,https://digitalcontent.api.tesco.com/v2/media/ghs/bf49c749-9ed4-425d-ba96-1c69667f1191/fc2d7ab4-3891-4faa-afa2-5e40f9e0d7f7_1976030347.jpeg?h=225&w=225
Buttercup Bakery 6 Iced Queens Buns 175G,€1.50,,€8.57/kg,https://www.tesco.ie/groceries/en-IE/products/313160354,https://digitalcontent.api.tesco.com/v2/media/ghs-mktg/b0b04216-fa73-466d-a9d7-c9fcfa1ce9b3/no-image.jpeg
Ms Mollys Jumbo Chocolate & Vanilla Swiss Roll,€1.75,,€1.75/each,https://www.tesco.ie/groceries/en-IE/products/299999575,https://digitalcontent.api.tesco.com/v2/media/ghs/26d075aa-500b-4ca5-9817-371345eea691/764fec7c-d393-467e-8e2b-95748095727e_316934615.jpeg?h=225&w=225
Cadbury Chocolate Cake Bar 5 Pack,€4.35,€3.00 Clubcard Price,€0.87/each,https://www.tesco.ie/groceries/en-IE/products/259238028,https://digitalcontent.api.tesco.com/v2/media/ghs/b28f5c14-a8f7-4c68-b63b-6cb162f83dd3/7277fc31-4fca-40b0-a168-32c98bde2aea_50946578.jpeg?h=225&w=225
Broderick's Double Chocolate Brownie Mini Bites 162G,€3.35,,€20.68/kg,https://www.tesco.ie/groceries/en-IE/products/306500292,https://digitalcontent.api.tesco.com/v2/media/ghs/dff8c70c-a5b7-446a-82c5-9c73d9acc926/029e56a2-022d-4407-ba37-1c9e2ee4536d_412142932.jpeg?h=225&w=225
Tesco Fuzzy Caterpillar Cake,€12.50,,€12.50/each,https://www.tesco.ie/groceries/en-IE/products/308493802,https://digitalcontent.api.tesco.com/v2/media/ghs/0e654c68-8c35-4080-a936-70cdd820ad23/28865228-c514-4e06-9503-ba0c54c0482a.jpeg?h=225&w=225
Mr Kipling Jam Tarts 6 Pack,€4.65,,€0.78/each,https://www.tesco.ie/groceries/en-IE/products/254947867,https://digitalcontent.api.tesco.com/v2/media/ghs/e85aeea1-d67e-42b2-9e10-48e034cddd09/89597802-58f6-4a38-b5ad-f268513f700d.jpeg?h=225&w=225
Buttercup Bakery 9 Madeira Buns 230G,€1.50,,€6.52/kg,https://www.tesco.ie/groceries/en-IE/products/313183747,https://digitalcontent.api.tesco.com/v2/media/ghs-mktg/b0b04216-fa73-466d-a9d7-c9fcfa1ce9b3/no-image.jpeg
Buttercup Bakery 4 Jam Bakewells 175G,€1.50,,€8.57/kg,https://www.tesco.ie/groceries/en-IE/products/313730469,https://digitalcontent.api.tesco.com/v2/media/ghs-mktg/b0b04216-fa73-466d-a9d7-c9fcfa1ce9b3/no-image.jpeg
Tesco Finest Teabrack 500G,€3.50,,€7.00/kg,https://www.tesco.ie/groceries/en-IE/products/310662462,https://digitalcontent.api.tesco.com/v2/media/ghs/2cbbb770-d0ba-4404-9b6a-bfa8dba8ec87/6d490cfd-4bc6-43f6-91b7-25ff9377abbb_74537459.jpeg?h=225&w=225
Cadbury Caramel Cake Bars 5 Pac,€4.35,€3.00 Clubcard Price,€0.87/each,https://www.tesco.ie/groceries/en-IE/products/254576286,https://digitalcontent.api.tesco.com/v2/media/ghs/c606de22-5075-490b-9f48-a209b152914f/25721f09-1839-430b-88f4-01a4d85e25e7.jpeg?h=225&w=225
Tesco Finest Carrot Cake,€4.00,,€4.00/each,https://www.tesco.ie/groceries/en-IE/products/312355707,https://digitalcontent.api.tesco.com/v2/media/ghs/ec08d2ce-2336-4608-989f-db4bbe6d30e1/579c0e23-1200-451e-a460-3eab5bce38f2.jpeg?h=225&w=225
Cadbury Crunchie Cake Bars 5 Pack,€4.35,€3.00 Clubcard Price,€0.87/each,https://www.tesco.ie/groceries/en-IE/products/306928539,https://digitalcontent.api.tesco.com/v2/media/ghs/63320429-73dd-4905-8eaa-559aa6a3b056/eb848435-972a-4548-8b21-fdc25f080939_875963169.jpeg?h=225&w=225
Tesco Finest 4 Honeycomb Tiffin Slices,€4.00,,€1.00/each,https://www.tesco.ie/groceries/en-IE/products/305955699,https://digitalcontent.api.tesco.com/v2/media/ghs/fc25f5d7-c85c-4924-9b88-ca894c49a78d/66bb76b2-c498-4f32-9735-7d2626ef35e1_131734155.jpeg?h=225&w=225
Coolmore Strawberries And Cream Cake 380G,€4.00,,€10.53/kg,https://www.tesco.ie/groceries/en-IE/products/315152608,https://digitalcontent.api.tesco.com/v2/media/ghs/278911be-06f0-487e-bdd1-5d6455495504/e4554499-4a8a-425f-acff-8124b982abf0_104846305.jpeg?h=225&w=225
Buttercup Bakery Fruitcake 300G,€1.50,,€5.00/kg,https://www.tesco.ie/groceries/en-IE/products/313847619,https://digitalcontent.api.tesco.com/v2/media/ghs-mktg/b0b04216-fa73-466d-a9d7-c9fcfa1ce9b3/no-image.jpeg
Tesco Large Chocolate Cake,€16.00,,€16.00/each,https://www.tesco.ie/groceries/en-IE/products/258300895,https://digitalcontent.api.tesco.com/v2/media/ghs/f38b6ec7-13e3-49c0-a7e3-7d123012f6fb/bf8931d2-63e2-4b4a-918e-c8c21077999a.jpeg?h=225&w=225
Tesco Small Chocolate Cake,€9.00,,€9.00/each,https://www.tesco.ie/groceries/en-IE/products/257617038,https://digitalcontent.api.tesco.com/v2/media/ghs/dc1244dc-b464-49ec-935f-66723dca1ea4/35b7e0b7-7863-4e8b-bebf-0d8fda606a15.jpeg?h=225&w=225
Ms Mollys Chocolate Cake,€6.00,,€6.00/each,https://www.tesco.ie/groceries/en-IE/products/299999650,https://digitalcontent.api.tesco.com/v2/media/ghs/268e3fcd-1f91-420d-af99-0627555b4676/d6b5a262-71dc-4257-a516-59330f1cbbc7.jpeg?h=225&w=225
Stafford's Bkry Tipsy Slices 450G,€4.49,,€9.98/kg,https://www.tesco.ie/groceries/en-IE/products/289811600,https://digitalcontent.api.tesco.com/v2/media/ghs/62c40c86-b4fe-4dcd-ae7a-67b2f2a9b4ef/snapshotimagehandler_931291195.jpeg?h=225&w=225
Tesco Finest 4 Millionaire Shortbread Slices,€4.00,,€4.00/each,https://www.tesco.ie/groceries/en-IE/products/305834981,https://digitalcontent.api.tesco.com/v2/media/ghs/5cd8e72c-7ad3-40ac-b172-59f208e7ebc7/a20316bb-db8b-4d6a-b2df-3596c11edafb_275334319.jpeg?h=225&w=225
Scotts Indulgent Cupcake Platter 12 Pack,€7.50,,€0.62/each,https://www.tesco.ie/groceries/en-IE/products/304671074,https://digitalcontent.api.tesco.com/v2/media/ghs/ef0f383b-78c0-4d06-9f69-4f6b4f7d39b1/e3301d99-3aaa-4c44-975e-36dcde8bb55d_897192822.jpeg?h=225&w=225
Gateaux Chocolate Log 205G,€3.49,,€17.02/kg,https://www.tesco.ie/groceries/en-IE/products/256860482,https://digitalcontent.api.tesco.com/v2/media/ghs/a5caee3f-fe32-4695-b8d8-0133acf1859c/d190c901-826c-4557-b6ee-cb169defbd85_498222875.jpeg?h=225&w=225
Broderick's Salted Caramel Crispy Mini Bites 144G,€3.35,,€23.26/kg,https://www.tesco.ie/groceries/en-IE/products/306654627,https://digitalcontent.api.tesco.com/v2/media/ghs/78dc2720-c68e-4a87-bb9e-1eeeb3a3d357/snapshotimagehandler_616465269.jpeg?h=225&w=225
Mccloskeys Iced Fruit Log 380G,€2.75,,€7.24/kg,https://www.tesco.ie/groceries/en-IE/products/266827899,https://digitalcontent.api.tesco.com/v2/media/ghs/750e1d50-c845-4aac-9e99-f047b9bc8768/34f12aa9-8d33-4ff1-a6f4-9d7bc8dcaefd_1206831623.jpeg?h=225&w=225
Comerfords Cakes 4 Pack Jam Tarts 125G,€2.49,,€19.92/kg,https://www.tesco.ie/groceries/en-IE/products/311211246,https://digitalcontent.api.tesco.com/v2/media/ghs-mktg/b0b04216-fa73-466d-a9d7-c9fcfa1ce9b3/no-image.jpeg
Buttercup Bakery 4 Raspberry Jam Tarts 125G,€1.50,,€12.00/kg,https://www.tesco.ie/groceries/en-IE/products/313748558,https://digitalcontent.api.tesco.com/v2/media/ghs-mktg/b0b04216-fa73-466d-a9d7-c9fcfa1ce9b3/no-image.jpeg
Mr Kipling Gooey Brownie Bites Salted Caramel 10 Pack,€4.50,,€0.45/each,https://www.tesco.ie/groceries/en-IE/products/312983712,https://digitalcontent.api.tesco.com/v2/media/ghs/17d61367-24d4-456e-8166-9abdcfdcb65a/67f9a6da-d6b6-4157-9101-9919ab338cbd.jpeg?h=225&w=225
Tesco Happy Birthday Cake,€16.00,,€16.00/each,https://www.tesco.ie/groceries/en-IE/products/257373377,https://digitalcontent.api.tesco.com/v2/media/ghs/82cccfd1-f007-493c-98b4-e5f4c441428e/610c7c63-8a2d-4ad6-9c95-fdd7547515a6.jpeg?h=225&w=225
Stafford's Bkry Lemon Meringue Tartlets 160G,€5.29,,€18.89/kg,https://www.tesco.ie/groceries/en-IE/products/295338299,https://digitalcontent.api.tesco.com/v2/media/ghs/e56be012-e3f9-4945-a959-58cc1a9ada29/snapshotimagehandler_145327574.jpeg?h=225&w=225
Mr Kipling Gooey Brownie Bites Double Chocolate 10 Pack,€4.50,,€0.45/each,https://www.tesco.ie/groceries/en-IE/products/312696568,https://digitalcontent.api.tesco.com/v2/media/ghs/45de25fa-a4db-4098-9949-20146117316e/f35a9cfd-e611-4b38-bec3-357e5b77f741.jpeg?h=225&w=225
Tesco Rainbow Cake,€19.00,,€19.00/each,https://www.tesco.ie/groceries/en-IE/products/314689188,https://digitalcontent.api.tesco.com/v2/media/ghs/bcc6943e-0d01-4ac5-aaea-8d3789850c22/37aa08a5-89be-4d57-a7dd-f656ffb22b93.jpeg?h=225&w=225
Tesco Triple Layer Chocolate Cake,€20.00,,€20.00/each,https://www.tesco.ie/groceries/en-IE/products/261722967,https://digitalcontent.api.tesco.com/v2/media/ghs/d9c3553c-93ec-4ab4-b4d3-efe74bb0eef5/75adb962-ebd5-453c-b95f-268382d9cf04.jpeg?h=225&w=225
Buttercup Bakery 9 Chocolate Chip Buns 250G,€1.50,,€6.00/kg,https://www.tesco.ie/groceries/en-IE/products/313856879,https://digitalcontent.api.tesco.com/v2/media/ghs-mktg/b0b04216-fa73-466d-a9d7-c9fcfa1ce9b3/no-image.jpeg
Gateaux Mini Cake Original 10X35g,€4.09,,€11.69/kg,https://www.tesco.ie/groceries/en-IE/products/310137946,https://digitalcontent.api.tesco.com/v2/media/ghs/3cf01c02-768a-4dca-8e70-f21fe52c9ec1/899dc5a5-2729-4e25-b357-2bdce005b5a3_1238791236.jpeg?h=225&w=225
Plantastic Millionaire Flapjacks Chocolate & Caramel 5 Pack,€4.50,€3.50 Clubcard Price,€0.90/each,https://www.tesco.ie/groceries/en-IE/products/311279782,https://digitalcontent.api.tesco.com/v2/media/ghs/867c039f-16a8-4539-95c4-bfc92c619f66/d003842b-da4c-4d4d-a44e-ec8182237821_477102811.jpeg?h=225&w=225
Tesco Vanilla Tray Bake,€9.00,,€9.00/each,https://www.tesco.ie/groceries/en-IE/products/314955461,https://digitalcontent.api.tesco.com/v2/media/ghs/be4257b5-30f4-4a6a-a5ee-b5bdb49bd7e3/a61ec69a-3d78-41c3-a2de-9ea96b91ead0.jpeg?h=225&w=225
Stafford's Bkry Chocolate Dipped Vieneese 300G,€4.49,,€14.97/kg,https://www.tesco.ie/groceries/en-IE/products/289811871,https://digitalcontent.api.tesco.com/v2/media/ghs/2da689fc-41ef-4182-a74b-902301a517bd/snapshotimagehandler_558060713.jpeg?h=225&w=225
Tesco Football Cake,€12.50,,€12.50/each,https://www.tesco.ie/groceries/en-IE/products/250315487,https://digitalcontent.api.tesco.com/v2/media/ghs/7b59b746-2dc9-4db1-ac4b-94bb4339e2dc/74e747e7-e280-4fc6-8169-34963bc4548d.jpeg?h=225&w=225
Comerfords Cakes 4 Pack Jam Bakewells 175G,€2.49,,€14.23/kg,https://www.tesco.ie/groceries/en-IE/products/311270751,https://digitalcontent.api.tesco.com/v2/media/ghs-mktg/b0b04216-fa73-466d-a9d7-c9fcfa1ce9b3/no-image.jpeg
Cadbury Flake Cake,€18.00,,€18.00/each,https://www.tesco.ie/groceries/en-IE/products/265391781,https://digitalcontent.api.tesco.com/v2/media/ghs/b5023af1-dab3-4fc5-8f55-857fe47bfabc/21743c51-5f9b-429a-856c-27ccaf1be67f.jpeg?h=225&w=225
Pokemon Celebration Cake,€18.00,,€18.00/each,https://www.tesco.ie/groceries/en-IE/products/297570814,https://digitalcontent.api.tesco.com/v2/media/ghs/951f1d22-5fc8-462d-8bb5-6fc2e0d848ac/6eebc1eb-d3df-4248-8e7a-8b11dfae82ad.jpeg?h=225&w=225
The Stone Oven Chocolate Swiss Roll 400G,€4.99,,€12.48/kg,https://www.tesco.ie/groceries/en-IE/products/311270797,https://digitalcontent.api.tesco.com/v2/media/ghs/8ca70c27-f2a0-4a71-9452-698960cfd072/snapshotimagehandler_1156773293.jpeg?h=225&w=225
Tesco Birthday Cake Cubes 15 Pack,€14.00,,€0.93/each,https://www.tesco.ie/groceries/en-IE/products/284515383,https://digitalcontent.api.tesco.com/v2/media/ghs/e6a7fb98-844a-440e-b702-03983c808aba/36dfe91b-4916-42f2-a89b-cb61a3c30c43.jpeg?h=225&w=225
Ms Mollys Madeira Cake ..,€6.00,,€6.00/each,https://www.tesco.ie/groceries/en-IE/products/299999638,https://digitalcontent.api.tesco.com/v2/media/ghs/c5615651-2b19-4318-91b0-d304cf9ee323/18f7d193-4514-473a-bfd0-e15c07f79f13.jpeg?h=225&w=225
Broderick's Ruby Rocky Road 6 Pack 150G,€3.35,,€22.33/kg,https://www.tesco.ie/groceries/en-IE/products/308491551,https://digitalcontent.api.tesco.com/v2/media/ghs/3111a952-dfae-4182-b49b-4ba4bf180676/4e288cfd-05b3-4a2f-a2a5-0bca7821237a_1969480357.jpeg?h=225&w=225
Stafford's Bkry Rich Tea Brack 680G,€5.49,,€7.84/kg,https://www.tesco.ie/groceries/en-IE/products/289821142,https://digitalcontent.api.tesco.com/v2/media/ghs/c6a93799-cd04-4a21-b643-2fbacc306acf/snapshotimagehandler_295054561.jpeg?h=225&w=225
Comerfords Cakes 9 Pack Chocolate Chip Buns 250G,€2.49,,€9.96/kg,https://www.tesco.ie/groceries/en-IE/products/311214404,https://digitalcontent.api.tesco.com/v2/media/ghs-mktg/b0b04216-fa73-466d-a9d7-c9fcfa1ce9b3/no-image.jpeg
Marvel Spiderman Nut Free Cake,€18.00,,€18.00/each,https://www.tesco.ie/groceries/en-IE/products/311206190,https://digitalcontent.api.tesco.com/v2/media/ghs/7eb7daef-213e-4b94-884a-fba77d472168/8e497221-80aa-4ac5-9ad1-5c9713094515.jpeg?h=225&w=225
Tesco Celebration Cake,€15.00,,€15.00/each,https://www.tesco.ie/groceries/en-IE/products/264983216,https://digitalcontent.api.tesco.com/v2/media/ghs/2f25dd6b-d531-4c00-8caf-a2b062915157/ab3e334c-f247-46c8-9606-e29cce4325d3.jpeg?h=225&w=225
Broderick's High Prtn Caramel Crspy 6 Mini Bites 96G,€4.00,€3.00 Clubcard Price,€41.67/kg,https://www.tesco.ie/groceries/en-IE/products/315389449,https://digitalcontent.api.tesco.com/v2/media/ghs/4a480729-87cf-4b2f-9df6-bbd6d9fb4a92/faf8734d-9cf8-4a83-ae46-613cca9d9602_38656575.jpeg?h=225&w=225
Tesco Finest Chocolate Cake,€20.00,,€20.00/each,https://www.tesco.ie/groceries/en-IE/products/314435380,https://digitalcontent.api.tesco.com/v2/media/ghs/8bfe86af-29b9-4a34-a0bb-c57efe86ce80/7380e66f-ac0a-4cda-b983-52d0247a205f.jpeg?h=225&w=225
Stafford's Bkry Luxury Cake Selection 350G,€10.50,,€13.12/kg,https://www.tesco.ie/groceries/en-IE/products/294898570,https://digitalcontent.api.tesco.com/v2/media/ghs/68309d70-f309-4750-bd46-7921216538d0/snapshotimagehandler_2099809596.jpeg?h=225&w=225
The Stone Oven 12 Madeira Queens 300G,€3.39,,€11.30/kg,https://www.tesco.ie/groceries/en-IE/products/311214214,https://digitalcontent.api.tesco.com/v2/media/ghs-mktg/b0b04216-fa73-466d-a9d7-c9fcfa1ce9b3/no-image.jpeg
Broderick's Salted Caramel Crunch Slices 6 Pack 150G,€3.35,,€22.33/kg,https://www.tesco.ie/groceries/en-IE/products/308467811,https://digitalcontent.api.tesco.com/v2/media/ghs/3c762608-6d3f-4e8b-b2b8-cd205b68d044/ee038ab0-ba28-4625-af55-cf463bf990a8_1617759088.jpeg?h=225&w=225
The Stone Oven 12 Pack Iced Queens 335G,€4.99,,€14.90/kg,https://www.tesco.ie/groceries/en-IE/products/311273448,https://digitalcontent.api.tesco.com/v2/media/ghs-mktg/b0b04216-fa73-466d-a9d7-c9fcfa1ce9b3/no-image.jpeg
Tesco Golden Unicorn Cake,€18.00,,€18.00/each,https://www.tesco.ie/groceries/en-IE/products/314838519,https://digitalcontent.api.tesco.com/v2/media/ghs/7189c9d7-02d6-4407-bf26-7e41b9fd004a/2ed6c2b0-43ed-448c-ad16-5c067f2854ac.jpeg?h=225&w=225
Broderick's Slam Dunk Peanut Chunk 50G,€1.99,€1.50 Clubcard Price,€39.80/kg,https://www.tesco.ie/groceries/en-IE/products/306236754,https://digitalcontent.api.tesco.com/v2/media/ghs/67c4c21e-be16-4a50-980c-6b788a79fc48/snapshotimagehandler_550107623.jpeg?h=225&w=225
Stafford Pavlova Nest 4Pack,€3.10,,€0.78/each,https://www.tesco.ie/groceries/en-IE/products/272052032,https://digitalcontent.api.tesco.com/v2/media/ghs/b550bf8f-cc79-4e57-9fdc-34ac243ce199/snapshotimagehandler_582576358.jpeg?h=225&w=225
Nickelodeon Paw Patrol Celebration Cake,€18.00,,€18.00/each,https://www.tesco.ie/groceries/en-IE/products/289850236,https://digitalcontent.api.tesco.com/v2/media/ghs/99f8b455-51af-46fc-83e7-e1da760a49e3/fce44a1f-2173-4f0e-ae82-869c503dbf55.jpeg?h=225&w=225
Tesco Finest Red Velvet Cake Cake,€20.00,,€20.00/each,https://www.tesco.ie/groceries/en-IE/products/314600714,https://digitalcontent.api.tesco.com/v2/media/ghs/91c62071-0b62-45be-8580-0ece2b8c340a/5e7ac877-3588-4109-8fec-886b3084b2c8.jpeg?h=225&w=225
Tesco Princess Tiara Cake,€16.00,,€16.00/each,https://www.tesco.ie/groceries/en-IE/products/285312794,https://digitalcontent.api.tesco.com/v2/media/ghs/fb5f3bff-7d7b-4cd9-ab63-fedf41e6b65a/2546fb12-c7f0-4725-9947-649caa90aac5.jpeg?h=225&w=225
Thorntons Celebration Cake,€18.00,,€18.00/each,https://www.tesco.ie/groceries/en-IE/products/272080844,https://digitalcontent.api.tesco.com/v2/media/ghs/c9957ba7-c27d-4482-b202-05f31e9bcd62/afdf610b-e547-42f9-8a63-1b1a88ecd54d.jpeg?h=225&w=225
Tesco Finest Porter Cake 500G,€3.50,,€7.00/kg,https://www.tesco.ie/groceries/en-IE/products/310652497,https://digitalcontent.api.tesco.com/v2/media/ghs/db3df33a-5008-4a18-b7b8-765cdf444f7b/dc0fa70d-fc08-4dcb-89ca-348b8a09aa71_239437950.jpeg?h=225&w=225
The Stone Oven 8 Pack Apples Pies 450G,€4.99,,€11.09/kg,https://www.tesco.ie/groceries/en-IE/products/311264459,https://digitalcontent.api.tesco.com/v2/media/ghs/bcbe61f6-4f0d-4e39-ae58-85f7b45ef4f5/148a87f7-a340-4f6f-8d2f-0ba074559c56_215009913.jpeg?h=225&w=225
Tesco Half & Half Cake,€20.00,,€20.00/each,https://www.tesco.ie/groceries/en-IE/products/309779659,https://digitalcontent.api.tesco.com/v2/media/ghs/40704b66-76f6-43be-bb10-f9995ad5cbc1/62c78a5d-481c-4490-83bf-31a7d1330b30.jpeg?h=225&w=225
Mars The Ultimate Chocolate Traybake,€13.50,,€13.50/each,https://www.tesco.ie/groceries/en-IE/products/308456277,https://digitalcontent.api.tesco.com/v2/media/ghs/f6d85927-a0dc-42d5-910b-c9c2f78f09bb/aa2c1493-2628-4169-8f69-a27ed237645a.jpeg?h=225&w=225
Jurassic World Dinosaur Celebration Cake,€18.00,,€18.00/each,https://www.tesco.ie/groceries/en-IE/products/300903268,https://digitalcontent.api.tesco.com/v2/media/ghs/6d59a9c6-6bc3-4483-926e-003d352d405d/022cb5c8-9840-4a99-b587-d487426847ab.jpeg?h=225&w=225
The Stone Oven Maderia Cake Twin Pack 600G,€4.99,,€8.32/kg,https://www.tesco.ie/groceries/en-IE/products/311216448,https://digitalcontent.api.tesco.com/v2/media/ghs-mktg/b0b04216-fa73-466d-a9d7-c9fcfa1ce9b3/no-image.jpeg
Tesco Chocolate Safari Cake,€15.00,,€15.00/each,https://www.tesco.ie/groceries/en-IE/products/314834656,https://digitalcontent.api.tesco.com/v2/media/ghs/b58093b1-b202-41e9-8439-3c9bc25bb51e/6efd96ac-ac3c-4350-99bf-f3bd70c49b67.jpeg?h=225&w=225
Manorhill Bakery Rock Buns 350G,€3.49,,€9.97/kg,https://www.tesco.ie/groceries/en-IE/products/282571151,https://digitalcontent.api.tesco.com/v2/media/ghs/35113146-75fd-45da-8965-9c9b0e96ea96/snapshotimagehandler_1331467495.jpeg?h=225&w=225
Gateaux Lemon Roll 195G,€3.49,,€17.90/kg,https://www.tesco.ie/groceries/en-IE/products/300770867,https://digitalcontent.api.tesco.com/v2/media/ghs/43acd5a9-921c-40d7-89d4-7ff89de96737/snapshotimagehandler_1218547231.jpeg?h=225&w=225
Reillys 6 Assorted Fruit Tarts 300G,€2.99,,€9.97/kg,https://www.tesco.ie/groceries/en-IE/products/309459854,https://digitalcontent.api.tesco.com/v2/media/ghs-mktg/b0b04216-fa73-466d-a9d7-c9fcfa1ce9b3/no-image.jpeg
Stafford's Bkry Coffee Layer Cake 550G,€7.99,,€13.32/kg,https://www.tesco.ie/groceries/en-IE/products/312570247,https://digitalcontent.api.tesco.com/v2/media/ghs/29cba0a2-bf90-4edb-8bbf-7d9605887da0/5d8b4053-14c9-43c8-ade5-2773aa911a2c_2134505704.jpeg?h=225&w=225
Buttercup Bakery Chocolate Roll 350G,€2.50,,€7.14/kg,https://www.tesco.ie/groceries/en-IE/products/313852060,https://digitalcontent.api.tesco.com/v2/media/ghs-mktg/b0b04216-fa73-466d-a9d7-c9fcfa1ce9b3/no-image.jpeg
Tesco Finest Trillionaire Cake,€20.00,,€20.00/each,https://www.tesco.ie/groceries/en-IE/products/309759862,https://digitalcontent.api.tesco.com/v2/media/ghs/3709230d-6833-4675-814c-65c7a5ae092a/ff750df1-eb0d-44ca-87bb-029238854784.jpeg?h=225&w=225
Tesco Finest White Chocolate & Raspberry Cake,€20.00,,€20.00/each,https://www.tesco.ie/groceries/en-IE/products/314690554,https://digitalcontent.api.tesco.com/v2/media/ghs/b98eed6c-79d7-498d-84fa-5182d625ab85/fed421c8-cb7e-499c-ac63-3adb44391896.jpeg?h=225&w=225
Oharas Teabrack 500G,€5.00,,€10.00/kg,https://www.tesco.ie/groceries/en-IE/products/301136120,https://digitalcontent.api.tesco.com/v2/media/ghs/c2cef093-9629-4933-9741-91673f36459f/snapshotimagehandler_1613220058.jpeg?h=225&w=225
Tesco Cookies & Cream Cake,€15.00,,€15.00/each,https://www.tesco.ie/groceries/en-IE/products/297571030,https://digitalcontent.api.tesco.com/v2/media/ghs/75e53103-2ac5-4700-8f0e-e0efd6005196/4166bc9b-abe4-4418-99ec-59a0bb51dc6a.jpeg?h=225&w=225
Buttercup Bakery Raspberry Ripple Roll 350G,€2.50,,€7.14/kg,https://www.tesco.ie/groceries/en-IE/products/313839249,https://digitalcontent.api.tesco.com/v2/media/ghs-mktg/b0b04216-fa73-466d-a9d7-c9fcfa1ce9b3/no-image.jpeg
Tesco Finest Chocolate And Salted Caramel Cake,€8.00,,€8.00/each,https://www.tesco.ie/groceries/en-IE/products/312365632,https://digitalcontent.api.tesco.com/v2/media/ghs/be8b20a9-06ff-408d-9302-16a1abe3408a/0956fd02-329c-4145-92b5-ba462a3c9c33.jpeg?h=225&w=225
Tesco Finest Lemon Cake,€20.00,,€20.00/each,https://www.tesco.ie/groceries/en-IE/products/314829790,https://digitalcontent.api.tesco.com/v2/media/ghs/b1d599c4-492c-434b-8fdd-578aeffae527/23bc5df3-0a0a-41be-900b-da884961149c.jpeg?h=225&w=225
Broderick's Road Rockin Chocolate Chocolate Block 50G,€1.99,€1.50 Clubcard Price,€39.80/kg,https://www.tesco.ie/groceries/en-IE/products/306236459,https://digitalcontent.api.tesco.com/v2/media/ghs/73b6dedb-f26a-493b-9de5-9839771eb9a9/snapshotimagehandler_965236900.jpeg?h=225&w=225
Staffords Bakery Luxury Chocolate Gateau 925G,€12.00,,€12.97/kg,https://www.tesco.ie/groceries/en-IE/products/294910809,https://digitalcontent.api.tesco.com/v2/media/ghs/e335ca70-969e-4d9f-9e0b-99eb06bfaef5/0041b43a-a498-4bb4-ba9a-fed963c64efe_1997790081.jpeg?h=225&w=225
Delilites Salted Caramel Brownie 371G,€6.00,,€16.17/kg,https://www.tesco.ie/groceries/en-IE/products/305968049,https://digitalcontent.api.tesco.com/v2/media/ghs/a10f0489-ac5f-4361-af7e-35adad18b460/snapshotimagehandler_2126900743.jpeg?h=225&w=225
Tesco Pick & Mix Cupcake,€19.00,,€19.00/each,https://www.tesco.ie/groceries/en-IE/products/293535005,https://digitalcontent.api.tesco.com/v2/media/ghs/d5377b20-cb2e-4484-9455-219fa196afd2/2b17d8cc-b688-4cc4-b07f-080b305ae041.jpeg?h=225&w=225
Manorhill Bakery Apple And Cinnamon 500G,€4.79,,€9.58/kg,https://www.tesco.ie/groceries/en-IE/products/282571306,https://digitalcontent.api.tesco.com/v2/media/ghs/20d8293c-6a21-4d12-a6c9-d58273ce04b5/snapshotimagehandler_1922863346.jpeg?h=225&w=225
Delilites Irish Belgian Chocolate Hazlenut Bueno Slice 380G,€6.00,,€15.79/kg,https://www.tesco.ie/groceries/en-IE/products/308469043,https://digitalcontent.api.tesco.com/v2/media/ghs-mktg/b0b04216-fa73-466d-a9d7-c9fcfa1ce9b3/no-image.jpeg
Staffords Bakery Luxury Coffee Gateau 925G,€12.00,,€12.97/kg,https://www.tesco.ie/groceries/en-IE/products/294910821,https://digitalcontent.api.tesco.com/v2/media/ghs/4de8bab6-86dd-4821-8e9e-2a6c7ba8dc98/3d811b4d-42b0-480c-9e55-a94eead13cb8_1945049096.jpeg?h=225&w=225
Stafford's Bkry Choco And Caramel Layer Cake 550G,€7.99,,€13.32/kg,https://www.tesco.ie/groceries/en-IE/products/312564523,https://digitalcontent.api.tesco.com/v2/media/ghs-mktg/b0b04216-fa73-466d-a9d7-c9fcfa1ce9b3/no-image.jpeg
