Title,Price,Promotional Price,Price Per,Product URL,Image URL
Tesco Chicken Breast Slices 150g,€2.25,,€15.00/kg,https://www.tesco.ie/groceries/en-IE/products/278020988,https://digitalcontent.api.tesco.com/v2/media/ghs/fd8c52c1-fda8-4bf9-9bbc-348b23791c51/bc3102f1-003d-44ab-bbbc-0559098e9494_1952179425.jpeg?h=225&w=225
Tesco Chicken Breast Pieces 120G,€2.20,Any 2 for €4 Clubcard Price - Selected Tesco Chicken Pieces 120g,€18.33/kg,https://www.tesco.ie/groceries/en-IE/products/315077974,https://digitalcontent.api.tesco.com/v2/media/ghs/07984b2f-d0c7-4211-a4dc-65a31a82fe26/9427c0e9-135b-4c69-a634-09dcf15dc523_64410245.jpeg?h=225&w=225
Tesco Cajun Chicken Breast Slices 150g,€2.25,,€15.00/kg,https://www.tesco.ie/groceries/en-IE/products/278021221,https://digitalcontent.api.tesco.com/v2/media/ghs/94e509ae-1b0b-4644-99c7-910dd983bb25/c5bc4e08-ad1c-4a63-927d-358af059e54a_832880269.jpeg?h=225&w=225
Tesco Wafer Thin Roast Chicken Slices 200 G,€2.40,,€12.00/kg,https://www.tesco.ie/groceries/en-IE/products/273885444,https://digitalcontent.api.tesco.com/v2/media/ghs/cb66abc8-7bbe-42be-b474-4ddf4e0ca7f7/e0fd8efc-f548-48c0-a03b-5d2ffeacb2a0_1531067045.jpeg?h=225&w=225
Tesco Finest Carved Turkey Breast 120G,€3.15,"Any 2 for €5.50 Clubcard Price - Selected Tesco Finest* Ham, Chicken Or Beef 100g - 140g",€26.25/kg,https://www.tesco.ie/groceries/en-IE/products/309482664,https://digitalcontent.api.tesco.com/v2/media/ghs/1b167662-4bb5-48fa-8a7e-14e41bdc5949/b078a411-33cb-4160-977c-55a87ee6e8d8_2110106389.jpeg?h=225&w=225
Tesco Cajun Chicken Breast Pieces 120G,€2.20,Any 2 for €4 Clubcard Price - Selected Tesco Chicken Pieces 120g,€18.33/kg,https://www.tesco.ie/groceries/en-IE/products/314953797,https://digitalcontent.api.tesco.com/v2/media/ghs/cd053bbf-6846-4feb-b69e-ff9532eca3c8/33f25ef6-978b-44d3-a89d-088606a3ee71_1041593424.jpeg?h=225&w=225
Green Farm Foods Sliced Roast Turkey Breast90g,€3.29,€2.50 Clubcard Price,€36.56/kg,https://www.tesco.ie/groceries/en-IE/products/298116062,https://digitalcontent.api.tesco.com/v2/media/ghs/a870493f-cdd8-4ffc-8783-3ff2f3b28cb4/6762b81b-dd9d-42b8-90b6-bae4df735280_296605557.jpeg?h=225&w=225
Carroll's New York Deli Shaved Roast Turkey 90G,€3.49,€2.75 Clubcard Price,€38.78/kg,https://www.tesco.ie/groceries/en-IE/products/298303635,https://digitalcontent.api.tesco.com/v2/media/ghs/c9e23bd3-0493-4122-885c-d7ab60921541/73461bba-689c-43cd-bae5-431488be8ecb.jpeg?h=225&w=225
Tesco Tikka Chicken Breast Pieces 120G,€2.20,Any 2 for €4 Clubcard Price - Selected Tesco Chicken Pieces 120g,€18.33/kg,https://www.tesco.ie/groceries/en-IE/products/314928027,https://digitalcontent.api.tesco.com/v2/media/ghs/27560004-c3df-47f7-a738-b4429bde3802/4a4ffd65-4e7f-46d6-bf17-ab5557a868af_657375.jpeg?h=225&w=225
Carroll's Signature Roast Carved Turkey 90G,€3.00,€2.50 Clubcard Price,€33.33/kg,https://www.tesco.ie/groceries/en-IE/products/304096835,https://digitalcontent.api.tesco.com/v2/media/ghs/efb67bdd-4224-4009-b63e-c6d03d00883d/cc5629bb-0808-4533-80fb-3bb881a04058_1269500477.jpeg?h=225&w=225
Tesco Fajita Chicken Breast Pieces 120G,€2.20,Any 2 for €4 Clubcard Price - Selected Tesco Chicken Pieces 120g,€18.33/kg,https://www.tesco.ie/groceries/en-IE/products/314692517,https://digitalcontent.api.tesco.com/v2/media/ghs/c2383126-4e6a-4c39-b958-ef5fa598a553/0313a9d1-8b3a-40d9-83de-d33399128691_1749006696.jpeg?h=225&w=225
Tesco Ready To Eat Bbq Roast Chicken Wings 525G,€3.75,,€7.14/kg,https://www.tesco.ie/groceries/en-IE/products/279819342,https://digitalcontent.api.tesco.com/v2/media/ghs/cea2c0d1-28d6-4c1a-9caf-0f2a78c46d6a/601d9e67-8901-4813-a801-3484dfb03027.jpeg?h=225&w=225
Green Farm Sliced Chicken Breast 90G,€3.29,€2.50 Clubcard Price,€36.56/kg,https://www.tesco.ie/groceries/en-IE/products/312699997,https://digitalcontent.api.tesco.com/v2/media/ghs/c06b0b52-4844-4159-87ec-2703d9adccb9/e26e5d72-2a93-46ff-80e1-b946a684c236_1595984427.jpeg?h=225&w=225
Tesco Family Pack Chicken Breast Pieces 240G,€3.29,,€13.71/kg,https://www.tesco.ie/groceries/en-IE/products/314932321,https://digitalcontent.api.tesco.com/v2/media/ghs/69cddff9-74eb-4e1b-b18f-a36d96ff81e9/ce87d314-3c12-4f8c-b5a0-9ce0c31f48e1_327947885.jpeg?h=225&w=225
Tesco 2 Cooked Skinless Chicken Breast Fillets 220G,€3.75,,€17.04/kg,https://www.tesco.ie/groceries/en-IE/products/306938004,https://digitalcontent.api.tesco.com/v2/media/ghs/7ba956aa-f168-4110-bf3e-86de31ff032c/1d5f084e-e30b-4a9e-b17c-0b96d657101d.jpeg?h=225&w=225
Tesco Roast Turkey Slices 120G X 12,€1.69,,€14.08/kg,https://www.tesco.ie/groceries/en-IE/products/304696389,https://digitalcontent.api.tesco.com/v2/media/ghs/8ec0ad44-7d89-41ac-98c9-45557108739a/snapshotimagehandler_1493197149.jpeg?h=225&w=225
Carroll's Deli Shaved Roast Chicken 90G,€3.49,€2.75 Clubcard Price,€38.78/kg,https://www.tesco.ie/groceries/en-IE/products/301964844,https://digitalcontent.api.tesco.com/v2/media/ghs/5861526d-4733-4ba8-bb0e-adb1a82fcbb7/3012e941-84ad-4b90-927a-93c480847bc1.jpeg?h=225&w=225
Green Farm Chilli And Garlic Chicken Breast Fillets 2 Pack 220G,€4.99,€4.00 Clubcard Price,€22.68/kg,https://www.tesco.ie/groceries/en-IE/products/308848758,https://digitalcontent.api.tesco.com/v2/media/ghs/1476e152-1739-4d83-bb5b-1b54c93813f1/2f93860e-ca92-48b4-b4e2-2d351c790320_482267577.jpeg?h=225&w=225
Honey & Chilli Chicken Pieces 100G,Currently out of stock,,,https://www.tesco.ie/groceries/en-IE/products/299584524,https://digitalcontent.api.tesco.com/v2/media/ghs/c46e4f2e-46c7-4bf6-b239-109bc3210949/796382dd-919c-4453-8a9a-3a463a6e3e53_1355835414.jpeg?h=225&w=225
Green Farm Sliced Cajun Chicken Breast 90G,€3.29,€2.50 Clubcard Price,€36.56/kg,https://www.tesco.ie/groceries/en-IE/products/312234724,https://digitalcontent.api.tesco.com/v2/media/ghs/b89f47dc-a624-4a7c-b3a9-db10e4ed73ea/d8bfe924-a7bf-4184-b8b0-05f4ab69fc76_1206239698.jpeg?h=225&w=225
Tesco Hot & Spicy Chicken Wings 525G,€3.75,,€7.14/kg,https://www.tesco.ie/groceries/en-IE/products/309491025,https://digitalcontent.api.tesco.com/v2/media/ghs/d39f2948-b7c7-4fe3-bab2-f7d2f7737265/5547265c-0dc8-4a34-8ab2-fc69fc35780d.jpeg?h=225&w=225
Tesco Turkey Breast Pieces 120G,€2.49,Any 2 for €4 Clubcard Price - Selected Tesco Chicken Pieces 120g,€20.75/kg,https://www.tesco.ie/groceries/en-IE/products/306950340,https://digitalcontent.api.tesco.com/v2/media/ghs/458e5c84-83df-49ed-9fed-42d95ac4e295/05ba8d1b-d133-4976-b85e-73e6897a368b_1232513390.jpeg?h=225&w=225
Green Farm Added Benefits Turkey Breast 90G,€3.49,€2.50 Clubcard Price,€38.78/kg,https://www.tesco.ie/groceries/en-IE/products/311422503,https://digitalcontent.api.tesco.com/v2/media/ghs/5cf364aa-5c13-40b0-a24e-5a4a617a2ed9/436dcf25-b828-4267-a7b2-cf0a33ad43f0_766195404.jpeg?h=225&w=225
Green Farm Simply Roasted 2 Chicken Breast Fillets 220G,€4.99,€4.00 Clubcard Price,€22.68/kg,https://www.tesco.ie/groceries/en-IE/products/308845502,https://digitalcontent.api.tesco.com/v2/media/ghs/23eb1ad4-137e-436f-9489-be4c9db0a85c/d626483b-5d77-4e9a-a3bd-b2814219e707_2073501814.jpeg?h=225&w=225
Green Farm Turkey Breast With Pepper And Garlic Seasoning 90G,€3.29,€2.50 Clubcard Price,€36.56/kg,https://www.tesco.ie/groceries/en-IE/products/313838728,https://digitalcontent.api.tesco.com/v2/media/ghs/8234c293-00fd-462f-b37f-d743412d1176/c0cd0d92-d177-4274-b133-8c923a08290a_2030411744.jpeg?h=225&w=225
