Title,Price,Promotional Price,Price Per,Product URL,Image URL
Brady Family Traditional Ham 80G,€2.99,€2.50 Clubcard Price,€37.38/kg,https://www.tesco.ie/groceries/en-IE/products/312351533,https://digitalcontent.api.tesco.com/v2/media/ghs/21b48d31-7d98-4c44-91e1-c751c3a264aa/4748ef32-02b5-4185-b745-a5e7f8004be8_892479747.jpeg?h=225&w=225
Tesco Deli Style Traditional Ham 200G,€3.30,€2.55 Clubcard Price,€16.50/kg,https://www.tesco.ie/groceries/en-IE/products/282482976,https://digitalcontent.api.tesco.com/v2/media/ghs/b0b92885-7205-48dc-ba37-9429886c49e4/snapshotimagehandler_959056279.jpeg?h=225&w=225
Tesco Deli Style Crumbed Ham 200G,€3.30,€2.55 Clubcard Price,€16.50/kg,https://www.tesco.ie/groceries/en-IE/products/268854609,https://digitalcontent.api.tesco.com/v2/media/ghs/f642344f-395e-447b-a39d-ec1f0e5e028b/snapshotimagehandler_520356859.jpeg?h=225&w=225
Brady Family Crumbed Ham 80G,€2.99,€2.50 Clubcard Price,€37.38/kg,https://www.tesco.ie/groceries/en-IE/products/311427740,https://digitalcontent.api.tesco.com/v2/media/ghs/705a5f19-cabe-42c2-9979-5bd5b5ed3ddd/b47cce67-2488-46b7-87f7-db3b9a197ab4_386648048.jpeg?h=225&w=225
TESCO WAFER THIN TRADITIONAL IRISH HAM SLICES 100g,€1.30,,€13.00/kg,https://www.tesco.ie/groceries/en-IE/products/314708985,https://digitalcontent.api.tesco.com/v2/media/ghs/fee5c040-ee11-402a-a9b5-1eeddf735f9c/abab50be-7437-43a8-87c9-5cef8a364d7d_1390531133.jpeg?h=225&w=225
Tesco Traditional Irish Ham Slices 100G,€1.30,,€13.00/kg,https://www.tesco.ie/groceries/en-IE/products/314955518,https://digitalcontent.api.tesco.com/v2/media/ghs/0b4ea8b6-ff71-43d6-b561-d62875e9cbc9/f1def3f7-85b7-4f53-9caf-6164489cb776_459659470.jpeg?h=225&w=225
Henry Denny And Sons Carved Irish Ham 80G,€2.00,Any 3 for €5 Clubcard Price - Selected Cheese Or Fresh Soup Or Meat Or Yogurt & Desserts,€25.00/kg,https://www.tesco.ie/groceries/en-IE/products/314104236,https://digitalcontent.api.tesco.com/v2/media/ghs/20e05019-9188-4e8e-bd71-e0bfb3d4e0e1/b6f9b284-2227-4833-ac7b-b19e38f40560_27487698.jpeg?h=225&w=225
Tesco Crumbed Irish Ham Slices 100G,€1.30,,€13.00/kg,https://www.tesco.ie/groceries/en-IE/products/314932197,https://digitalcontent.api.tesco.com/v2/media/ghs/1ea3cc73-4eee-4228-a8d8-d225e25821f0/63555488-f970-4c57-8043-98aae7146db0_2020563685.jpeg?h=225&w=225
Carrolls Banded Pack Traditional 2 X 90G,€4.00,,€22.22/kg,https://www.tesco.ie/groceries/en-IE/products/294119278,https://digitalcontent.api.tesco.com/v2/media/ghs/c34e0fae-ef8c-4c7e-b27a-6767abd6f1a8/54e0ae87-6cee-49e9-af00-bbaafba72195_1003228866.jpeg?h=225&w=225
Tesco Wafer Thin Traditional Irish Ham Slices 200G,€3.30,€2.55 Clubcard Price,€16.50/kg,https://www.tesco.ie/groceries/en-IE/products/315165947,https://digitalcontent.api.tesco.com/v2/media/ghs/d6d493dd-656f-4638-a905-a64a7b214af8/2afbaf5a-cc87-4b4b-b06e-f8077a89ed0d_265477107.jpeg?h=225&w=225
Brady Family Traditional Thinly Sliced Irish Ham 14 Pack 120G,€4.00,,€33.33/kg,https://www.tesco.ie/groceries/en-IE/products/312227825,https://digitalcontent.api.tesco.com/v2/media/ghs/130bbaa3-268b-4ed6-83b3-a4f4ab48070d/1bbf03d3-e846-4cc5-a922-e1ace6b1c115_2042640032.jpeg?h=225&w=225
Henry Denny And Sons Carved Irish Ham 2X80g,€3.99,,€24.94/kg,https://www.tesco.ie/groceries/en-IE/products/313942875,https://digitalcontent.api.tesco.com/v2/media/ghs/b57558af-c3d7-4832-ac1e-04fe218845ca/2f292c47-62a6-45fe-b1c6-320212a6197a_58568923.jpeg?h=225&w=225
Brady Family Traditional Irish Ham 10 Slices 120G,€4.00,,€33.33/kg,https://www.tesco.ie/groceries/en-IE/products/312209035,https://digitalcontent.api.tesco.com/v2/media/ghs/5974b67b-e52a-48bd-b034-8fe21bec60e8/9ed57843-318f-45e0-af36-a25912fc3e27_1699530071.jpeg?h=225&w=225
Henry Denny And Sons Crumbed Wafer Thin Irish Ham 80G,€2.00,Any 3 for €5 Clubcard Price - Selected Cheese Or Fresh Soup Or Meat Or Yogurt & Desserts,€25.00/kg,https://www.tesco.ie/groceries/en-IE/products/314105978,https://digitalcontent.api.tesco.com/v2/media/ghs/6fd46dff-40a1-480d-b3a1-d55a5b15ee53/6783de23-c1e5-4890-b104-4a43a7b6168e_314450939.jpeg?h=225&w=225
Carroll's New York Deli Shaved Honey Roast Ham 90G,€3.49,€2.75 Clubcard Price,€38.78/kg,https://www.tesco.ie/groceries/en-IE/products/298303480,https://digitalcontent.api.tesco.com/v2/media/ghs/0dc4f04a-d417-4da8-8ba0-245ae91733aa/4de2a327-457e-4721-b2ca-8a650efd58e3.jpeg?h=225&w=225
Carrolls Twin Pack Crumb 2 X 90G,€4.00,,€22.22/kg,https://www.tesco.ie/groceries/en-IE/products/288154624,https://digitalcontent.api.tesco.com/v2/media/ghs/4ddbb095-5c3f-40c8-90a1-c03c01760c58/26efcbc2-34ec-496a-9902-a1fb35ce76d3_587960337.jpeg?h=225&w=225
Denny Hand Crumbed Irish Ham 2 X 80G,€3.99,,€24.94/kg,https://www.tesco.ie/groceries/en-IE/products/314117250,https://digitalcontent.api.tesco.com/v2/media/ghs/4c73b426-faa8-478b-9228-9920dec6c7ea/42b55c00-9a95-4370-9601-9827a3df6aef_889919112.jpeg?h=225&w=225
Henry Denny And Sons Crumbed Irish Ham 80G,€2.00,Any 3 for €5 Clubcard Price - Selected Cheese Or Fresh Soup Or Meat Or Yogurt & Desserts,€25.00/kg,https://www.tesco.ie/groceries/en-IE/products/314096002,https://digitalcontent.api.tesco.com/v2/media/ghs/293abee7-d806-49b7-baa8-18e98d136fde/7055e179-74db-4d58-9d51-a3578a175b07_786474308.jpeg?h=225&w=225
Brady Family Glazed Ham 80G,€2.99,€2.50 Clubcard Price,€37.38/kg,https://www.tesco.ie/groceries/en-IE/products/312340477,https://digitalcontent.api.tesco.com/v2/media/ghs/3df3c982-680c-4435-b6f1-b6f0a495abf3/3543cb5c-e93d-4faf-b9f4-d7babd0b664b_1098798424.jpeg?h=225&w=225
Tesco Finest Traditional Ham 120G,€3.15,"Any 2 for €5.50 Clubcard Price - Selected Tesco Finest* Ham, Chicken Or Beef 100g - 140g",€26.25/kg,https://www.tesco.ie/groceries/en-IE/products/314713189,https://digitalcontent.api.tesco.com/v2/media/ghs/118f3451-8641-4ce8-8d07-e05d07a03353/360d9166-4d7b-4c93-b141-3ef0bc43ff8d_1460903908.jpeg?h=225&w=225
Tesco Finest Honey Roast Ham 120G,€3.15,"Any 2 for €5.50 Clubcard Price - Selected Tesco Finest* Ham, Chicken Or Beef 100g - 140g",€26.25/kg,https://www.tesco.ie/groceries/en-IE/products/309463693,https://digitalcontent.api.tesco.com/v2/media/ghs/981e7147-97e7-470a-88f1-84f20e7be6c0/7c8c18f7-db66-4abc-a88b-229bc92cf0d6_197386065.jpeg?h=225&w=225
Brady Family Smoked Ham 80G,€2.99,€2.50 Clubcard Price,€37.38/kg,https://www.tesco.ie/groceries/en-IE/products/312356810,https://digitalcontent.api.tesco.com/v2/media/ghs/a038f390-e908-476d-91c9-5d22d93f53bf/b61dcd5a-ed0b-4ea5-8d2c-9a63335ca381_923814651.jpeg?h=225&w=225
Brady Family Hand Crumbed Thinly Sliced 14 Irish Ham 120G,€4.00,,€33.33/kg,https://www.tesco.ie/groceries/en-IE/products/312227635,https://digitalcontent.api.tesco.com/v2/media/ghs/74a76a59-4ac1-49ae-882c-f2176ad44ba0/c5289107-5bee-4bb1-a97a-8ff93150dba8_469373938.jpeg?h=225&w=225
Tesco Finest Traditional Ham 120G,€3.15,"Any 2 for €5.50 Clubcard Price - Selected Tesco Finest* Ham, Chicken Or Beef 100g - 140g",€26.25/kg,https://www.tesco.ie/groceries/en-IE/products/314928661,https://digitalcontent.api.tesco.com/v2/media/ghs/353c323e-c412-4504-bfd7-026b431485ec/913b4309-ca03-436e-b8ec-ce9db4f22b37_258159424.jpeg?h=225&w=225
Denny Hand Crumbed Wafer Thin Irish Ham 2 X 80G,€3.99,,€24.94/kg,https://www.tesco.ie/groceries/en-IE/products/313942604,https://digitalcontent.api.tesco.com/v2/media/ghs/75cd9bae-e806-4129-b396-d7bcfb786664/592f26c6-a8c4-4a02-a704-5414a9fcd38f_212860708.jpeg?h=225&w=225
Carroll's New York Deli Shaved Bbq Ham 90G,€3.49,€2.75 Clubcard Price,€38.78/kg,https://www.tesco.ie/groceries/en-IE/products/298303360,https://digitalcontent.api.tesco.com/v2/media/ghs/6b801a5d-b822-49a9-bc54-f931d8ca6efa/6fd54b1b-aef4-4849-98d4-94d733dd310f.jpeg?h=225&w=225
Brady Family Just Add Traditional Shredded Ham 90G,€2.99,€2.50 Clubcard Price,€33.22/kg,https://www.tesco.ie/groceries/en-IE/products/312236215,https://digitalcontent.api.tesco.com/v2/media/ghs/8364d8c2-bd64-41a0-917e-e85c79292936/0b594f5f-0001-477f-b164-66e287ab8bc3_1992875681.jpeg?h=225&w=225
Tesco Honey Roast Irish Ham Slices 200G,€3.30,€2.55 Clubcard Price,€16.50/kg,https://www.tesco.ie/groceries/en-IE/products/314822097,https://digitalcontent.api.tesco.com/v2/media/ghs/b1e02d4b-aba8-4e6b-b73d-727ca2cf2103/c397a22f-e954-4cbf-98d2-24a95f81316d_156043533.jpeg?h=225&w=225
Tesco Big Buy Wafer Thin Crumbed Irish Ham 320G,€3.29,€2.99 Clubcard Price,€10.28/kg,https://www.tesco.ie/groceries/en-IE/products/314839795,https://digitalcontent.api.tesco.com/v2/media/ghs/5ff2f18e-ff4e-401a-ab25-e0be8bd4ac1a/4aeffe91-9fff-4781-93f7-045d6428d995_1765042619.jpeg?h=225&w=225
Brady Family Just Add Smoked Shredded Ham 90G,€2.99,€2.50 Clubcard Price,€33.22/kg,https://www.tesco.ie/groceries/en-IE/products/312340638,https://digitalcontent.api.tesco.com/v2/media/ghs/ec183648-ef29-482b-950e-edccef042877/61f888e1-9c79-4a19-a1bc-f4396b56b531_1825068128.jpeg?h=225&w=225
Brady Family Hand Crumbed Irish Ham 10 Slices 120G,€4.00,,€33.33/kg,https://www.tesco.ie/groceries/en-IE/products/312211711,https://digitalcontent.api.tesco.com/v2/media/ghs/4fd7ccaa-fa3c-48da-a2dc-8ea8e65e2fcd/19114aac-c58b-4c7c-b71e-9b12289ec4cd_1357111936.jpeg?h=225&w=225
Fire&Smoke Ham Shavings 90Gx12,€2.99,,€33.22/kg,https://www.tesco.ie/groceries/en-IE/products/304629080,https://digitalcontent.api.tesco.com/v2/media/ghs/6616f9c8-7118-4e12-aad9-d211c4de08a8/b49bf4ca-e30f-49cb-a4cd-dfd2a7c99bdd.jpeg?h=225&w=225
Tesco Finest Canadian Maple Ham 120G,€3.15,"Any 2 for €5.50 Clubcard Price - Selected Tesco Finest* Ham, Chicken Or Beef 100g - 140g",€26.25/kg,https://www.tesco.ie/groceries/en-IE/products/309488237,https://digitalcontent.api.tesco.com/v2/media/ghs/c52015f2-3019-4665-b733-4a47f1877dbc/58187d9e-7c58-4572-8921-92235f4c0b3c_1726158497.jpeg?h=225&w=225
Carroll New York Deli Shaved Crum Ham 12 X 90G,€3.49,€2.75 Clubcard Price,€38.78/kg,https://www.tesco.ie/groceries/en-IE/products/305367174,https://digitalcontent.api.tesco.com/v2/media/ghs/be16bbdd-7b4d-4f77-b58c-14890bef2058/c9d68a8d-3455-4046-9a4f-e3e56c9ee6f3_923512721.jpeg?h=225&w=225
Fire&Smoke Ham 90G*12,€2.99,,€33.22/kg,https://www.tesco.ie/groceries/en-IE/products/304629120,https://digitalcontent.api.tesco.com/v2/media/ghs/3e1532ff-07e8-4347-ad37-1e2ca000428a/90209db0-ee08-4db1-8287-2ad5dc90c0e9.jpeg?h=225&w=225
Tesco Finest Crumbed Ham 16 Slices 120G,€3.15,"Any 2 for €5.50 Clubcard Price - Selected Tesco Finest* Ham, Chicken Or Beef 100g - 140g",€26.25/kg,https://www.tesco.ie/groceries/en-IE/products/314926323,https://digitalcontent.api.tesco.com/v2/media/ghs/1fc70a2a-613d-4af9-9ba9-2a0fd054e028/53f9667a-b8c8-4984-80a6-8a0b26c3f63f_319306466.jpeg?h=225&w=225
Brady Family At The Deli Baked Ham Slices 120G,€4.00,,€33.33/kg,https://www.tesco.ie/groceries/en-IE/products/312585613,https://digitalcontent.api.tesco.com/v2/media/ghs/3ad20e8d-2b67-48de-b8cb-e5c6b3355bc1/5105d930-0597-42ea-8461-bd01516eaf7a_731198019.jpeg?h=225&w=225
Tesco Finest Hot Honey Ham 120G,€3.15,"Any 2 for €5.50 Clubcard Price - Selected Tesco Finest* Ham, Chicken Or Beef 100g - 140g",€26.25/kg,https://www.tesco.ie/groceries/en-IE/products/315056817,https://digitalcontent.api.tesco.com/v2/media/ghs/e245fdfe-e15c-45a7-ba15-9884f3b7f36c/f3a460e6-06bd-482d-8df9-2c598dd1b41e_452549611.jpeg?h=225&w=225
Henry Denny And Sons Oak Smoked Irish Ham 80G,€2.00,Any 3 for €5 Clubcard Price - Selected Cheese Or Fresh Soup Or Meat Or Yogurt & Desserts,€25.00/kg,https://www.tesco.ie/groceries/en-IE/products/313857711,https://digitalcontent.api.tesco.com/v2/media/ghs/b3f14ce8-9ad9-4596-91c1-80648d9f1543/be53510b-ce80-41d0-9bb5-27d122bebd00_498035375.jpeg?h=225&w=225
Tesco Finest Crumbed Ham 120G,€3.15,"Any 2 for €5.50 Clubcard Price - Selected Tesco Finest* Ham, Chicken Or Beef 100g - 140g",€26.25/kg,https://www.tesco.ie/groceries/en-IE/products/310140901,https://digitalcontent.api.tesco.com/v2/media/ghs/bb90c5c7-24ca-4eff-86b4-f0bc72aed994/d6824bd9-dde3-4e67-88d9-7d4f3a1ca6c9_1140633138.jpeg?h=225&w=225
Henry Denny And Sons Honey Roasted Irish Ham 80G,€2.00,Any 3 for €5 Clubcard Price - Selected Cheese Or Fresh Soup Or Meat Or Yogurt & Desserts,€25.00/kg,https://www.tesco.ie/groceries/en-IE/products/314103257,https://digitalcontent.api.tesco.com/v2/media/ghs/26717275-bee8-4aae-9d54-2f540113964c/5e50e9c9-c68c-407b-87af-9f1005a5d6d2_1815501075.jpeg?h=225&w=225
Fire&Smoke Chipotle Ham 90Gx12,€2.99,,€33.22/kg,https://www.tesco.ie/groceries/en-IE/products/304629189,https://digitalcontent.api.tesco.com/v2/media/ghs/c2ec7bf1-e202-4c7f-aefb-fbc7f133bf93/abfabc39-475d-4247-91d9-c96509900764.jpeg?h=225&w=225
Tesco Irish Cooked Ham 113G,€1.35,,€11.95/kg,https://www.tesco.ie/groceries/en-IE/products/315063702,https://digitalcontent.api.tesco.com/v2/media/ghs/b4d6a399-0aa3-4838-9897-afb1c455f9af/b071d1c2-c285-485c-97fb-c6ea64d4caec_1379584114.jpeg?h=225&w=225
Tesco Irish Honey Roast Ham 113G,€1.35,,€11.95/kg,https://www.tesco.ie/groceries/en-IE/products/314837152,https://digitalcontent.api.tesco.com/v2/media/ghs/3663eff5-9194-493c-bc74-ad4408fd3645/6a60a514-9b34-410a-9dbc-6b7776611794_1576180628.jpeg?h=225&w=225
Brady Family Master Btcher Dry Aged Crumbed Ham 120G,€4.00,,€33.33/kg,https://www.tesco.ie/groceries/en-IE/products/315471187,https://digitalcontent.api.tesco.com/v2/media/ghs/d05f27e1-d7cd-48aa-9f27-af322fabecab/3f86dca5-7bc5-40b5-9f4c-03fb71cae16c_1320157709.jpeg?h=225&w=225
Denny Chicken Bacon And Cream Cheese Wrap 155G,€2.50,"COFFEE Meal Deal for €3 - Buy Tesco Smokin Bean Regular Coffee & Any 1 Tesco Scone, Kit Kat Csine De France Or Denny Products",€16.13/kg,https://www.tesco.ie/groceries/en-IE/products/308832736,https://digitalcontent.api.tesco.com/v2/media/ghs/ebf77151-8c9e-4b85-8a1a-edb9293239d4/a5c57010-cf78-4865-b053-681554f87bcd_886739078.jpeg?h=225&w=225
Denny Bacon And Cheese Muffin 136G,€2.50,"COFFEE Meal Deal for €3 - Buy Tesco Smokin Bean Regular Coffee & Any 1 Tesco Scone, Kit Kat Csine De France Or Denny Products",€18.38/kg,https://www.tesco.ie/groceries/en-IE/products/308857920,https://digitalcontent.api.tesco.com/v2/media/ghs/e475267c-9845-4414-a631-508b4439351b/a62fb6ab-494d-40cf-b831-2c55f9c64650_391735096.jpeg?h=225&w=225
Denny Ham And Cheese Pannini 166G,€2.50,"COFFEE Meal Deal for €3 - Buy Tesco Smokin Bean Regular Coffee & Any 1 Tesco Scone, Kit Kat Csine De France Or Denny Products",€15.06/kg,https://www.tesco.ie/groceries/en-IE/products/310651446,https://digitalcontent.api.tesco.com/v2/media/ghs-mktg/b0b04216-fa73-466d-a9d7-c9fcfa1ce9b3/no-image.jpeg
