Title,Price,Promotional Price,Price Per,Product URL,Image URL
Mccambridge Gluten Free Soda Bread 550G,€3.95,,€7.18/kg,https://www.tesco.ie/groceries/en-IE/products/296466358,https://digitalcontent.api.tesco.com/v2/media/ghs/6b1b4f34-ec80-4d2b-b275-349dfe4fc1f0/snapshotimagehandler_798506306.jpeg?h=225&w=225
Genius Gut Lovin Tiger Bloomer Loaf 400G,€3.50,,€8.75/kg,https://www.tesco.ie/groceries/en-IE/products/308495760,https://digitalcontent.api.tesco.com/v2/media/ghs/a73370ab-a89d-426a-9b09-8c131a8ef27a/651983b3-777d-4ecf-a222-4e15af2c7500.jpeg?h=225&w=225
Livfree Gluten Free White Bread 400G,€2.25,,€5.62/kg,https://www.tesco.ie/groceries/en-IE/products/308846956,https://digitalcontent.api.tesco.com/v2/media/ghs/38f456ff-7628-4787-b464-de5231b95587/a1da6fd0-ec73-40f5-b905-cf719196e56c_164520071.jpeg?h=225&w=225
Genius Gluten Free Brioche Burger Buns 2 Pack,€2.10,,€0.70/each,https://www.tesco.ie/groceries/en-IE/products/301810791,https://digitalcontent.api.tesco.com/v2/media/ghs/2cab071c-5c36-4f2e-9ab1-dee00a8c53aa/10a425ea-7747-4d8e-83c8-b6ed46aa60ca_91433647.jpeg?h=225&w=225
Livfree Gluten Free Multi Seed Bread 400G,€2.25,,€5.62/kg,https://www.tesco.ie/groceries/en-IE/products/308462309,https://digitalcontent.api.tesco.com/v2/media/ghs/fc68bf2f-9b26-4e08-b53b-824a6be97eb9/4e417f1b-7b0b-4446-ac57-29124cc60c28_1903351549.jpeg?h=225&w=225
Tesco Free From 4 White Tortilla Wraps,€3.70,,€0.92/each,https://www.tesco.ie/groceries/en-IE/products/303579681,https://digitalcontent.api.tesco.com/v2/media/ghs/f2a6742e-512a-4f7f-8a47-994af8e6f053/8e2b15e0-3ed0-49cd-8ece-508e65db4ebb.jpeg?h=225&w=225
Schar White Ciabatta Rolls 200G,€3.59,,€17.95/kg,https://www.tesco.ie/groceries/en-IE/products/291228310,https://digitalcontent.api.tesco.com/v2/media/ghs/cc36369d-7a0f-49ec-8a8c-6e2fe0832b56/c11c9add-77c2-4ecc-9490-9da7ce1ef44b_1642856083.jpeg?h=225&w=225
Genius Gluten Free Soft White Toastie Loaf 430G,€4.00,,€9.30/kg,https://www.tesco.ie/groceries/en-IE/products/313615192,https://digitalcontent.api.tesco.com/v2/media/ghs/c8c9fb2f-5d1b-45a6-b1e1-d56b37a26a91/ed2693db-aa8e-4fb6-ae64-5b672d65b955.jpeg?h=225&w=225
Tesco Free From Sliced White Bread 550G,€3.00,,€5.46/kg,https://www.tesco.ie/groceries/en-IE/products/276605133,https://digitalcontent.api.tesco.com/v2/media/ghs/445ab528-457c-4d6e-84ab-b86f4c21712f/b2acbb40-8bbf-4509-b68d-7e8cb0bf4f7b.jpeg?h=225&w=225
Schar Wholesome White Loaf,€4.59,,€15.30/kg,https://www.tesco.ie/groceries/en-IE/products/290819809,https://digitalcontent.api.tesco.com/v2/media/ghs/4ab8713c-2602-4ff1-a845-dfd3f8879f16/932fa3cb-06f7-4c95-a6f2-39087154f7c9_263765913.jpeg?h=225&w=225
Tesco Free From Sliced Seeded Bread 550G,€3.00,,€5.46/kg,https://www.tesco.ie/groceries/en-IE/products/276606161,https://digitalcontent.api.tesco.com/v2/media/ghs/0cf97b09-db59-4b22-bc53-18d898fa7e46/f2da45db-c3f9-42de-97f3-6fa7e7584ca8.jpeg?h=225&w=225
Genius Gluten Free 6 Pancakes,€3.11,,€0.52/each,https://www.tesco.ie/groceries/en-IE/products/291443226,https://digitalcontent.api.tesco.com/v2/media/ghs/013a2370-0bcc-4f9b-beed-60ac7eac20d9/49e507d8-3c3f-4614-9365-0b61c7ad6951.jpeg?h=225&w=225
Schar Wholesome Seeded Sliced Bread 300G,€4.59,,€15.30/kg,https://www.tesco.ie/groceries/en-IE/products/290819746,https://digitalcontent.api.tesco.com/v2/media/ghs/b2e37935-fc2a-4d10-88dd-acde82728b39/5b810de3-5abf-4083-8555-42be8cfe30f9_1751684323.jpeg?h=225&w=225
Bfree Wholegrain Gluten Free Pitta Bread 4X55g,€3.80,,€17.27/kg,https://www.tesco.ie/groceries/en-IE/products/303617798,https://digitalcontent.api.tesco.com/v2/media/ghs/3b881ade-28de-4b42-b1e7-7a8f63441ec9/b89ff1fe-77ea-45f4-9ed6-adff2a4e0265_1675532797.jpeg?h=225&w=225
Bfree Pizza Bases 360G,€4.99,,€13.86/kg,https://www.tesco.ie/groceries/en-IE/products/298115300,https://digitalcontent.api.tesco.com/v2/media/ghs/24dc3e07-9067-421f-94d3-c8a1c5a863a7/cb888055-bd9b-4bdb-bb8d-2add6b7bc15f_682237169.jpeg?h=225&w=225
Bfree High Protein Wraps 4X42g,€4.29,€3.50 Clubcard Price,€25.54/kg,https://www.tesco.ie/groceries/en-IE/products/308478994,https://digitalcontent.api.tesco.com/v2/media/ghs/5afa8268-03f7-4f83-a188-d9a3f7d5687b/c5e50c4e-e642-4869-aa2e-5dfe215fbc0b_1306400329.jpeg?h=225&w=225
Tesco Free From Bramley Apple Pies 4 Pack,€3.60,,€0.90/each,https://www.tesco.ie/groceries/en-IE/products/256682675,https://digitalcontent.api.tesco.com/v2/media/ghs/729111ca-6744-4b24-aceb-b3661aa55270/442da4f1-5823-4c67-a03b-969f16e37ed8.jpeg?h=225&w=225
Tesco Free From Double Chocolate Mini Muffin 12 Pack,€3.40,,€0.28/each,https://www.tesco.ie/groceries/en-IE/products/300644089,https://digitalcontent.api.tesco.com/v2/media/ghs/633fc61f-8ec7-49a7-b7d6-aaeaa34aef43/9601082b-5766-4665-8d33-41d3c0c30df6.jpeg?h=225&w=225
Tesco Free From Brown Bread 550G,€3.00,,€5.46/kg,https://www.tesco.ie/groceries/en-IE/products/281509384,https://digitalcontent.api.tesco.com/v2/media/ghs/d7e5e024-0228-41df-9ae7-08b9ffff498a/71762c0a-c15a-41bc-9dee-6bceb371f10c.jpeg?h=225&w=225
Bfree Sweet Potato Gluten Free Wrap 6X42g,€4.29,€3.50 Clubcard Price,€17.02/kg,https://www.tesco.ie/groceries/en-IE/products/293672920,https://digitalcontent.api.tesco.com/v2/media/ghs/444266c2-c2a5-4e4d-b1cf-001497500483/21fa20a3-fe2a-4b1a-b148-b5e3b5df6221_1190974812.jpeg?h=225&w=225
Genius Gluten Free Spicy Loaf 400G,€3.43,,€8.58/kg,https://www.tesco.ie/groceries/en-IE/products/282073090,https://digitalcontent.api.tesco.com/v2/media/ghs/d71c182e-5a37-40e2-9f98-df379bc41736/d7be431b-a805-4897-8646-74062b5a1bcb.jpeg?h=225&w=225
Genius Gluten Free 4 Crumpets,€4.00,,€1.00/each,https://www.tesco.ie/groceries/en-IE/products/284275907,https://digitalcontent.api.tesco.com/v2/media/ghs/ba15daf6-a161-40eb-957b-d084566bb2cb/339495e4-3432-4340-a150-9d677d703091.jpeg?h=225&w=225
Kelkin Free From Brown Bread 400G,€3.99,,€9.98/kg,https://www.tesco.ie/groceries/en-IE/products/285592553,https://digitalcontent.api.tesco.com/v2/media/ghs/5a2967bb-e92b-4ddc-80a0-103d560eabf0/a5c727a0-b2d3-4d0b-b50c-2ef2ee468475_148535854.jpeg?h=225&w=225
Bfree Stone Baked Pitta Bread 220G,€4.09,,€18.59/kg,https://www.tesco.ie/groceries/en-IE/products/291243774,https://digitalcontent.api.tesco.com/v2/media/ghs/fddd715a-5f2d-404a-a2b8-e17e59e0c9dd/411f5630-4bed-490b-869b-d1ca38cd9548_1536616065.jpeg?h=225&w=225
Tesco Free From Jam Tarts 6 Pack,€3.30,,€0.55/each,https://www.tesco.ie/groceries/en-IE/products/266712960,https://digitalcontent.api.tesco.com/v2/media/ghs/13768578-78e9-4d4b-adeb-a7b07e12a6f7/8e3345ac-aa02-4f2d-b047-21b7867fa0cf.jpeg?h=225&w=225
Tesco Finest Free From Millionaire Slices 4 Pack,€4.00,,€1.00/each,https://www.tesco.ie/groceries/en-IE/products/303629755,https://digitalcontent.api.tesco.com/v2/media/ghs/702435d1-65ed-4164-ad64-48e40bf1900e/2663a897-0aa2-4255-a0b3-cb63c71d5d6a_762027070.jpeg?h=225&w=225
Gluten Free Muti Seed Crackers 110G,€3.99,,€36.27/kg,https://www.tesco.ie/groceries/en-IE/products/275458918,https://digitalcontent.api.tesco.com/v2/media/ghs/7820d1b7-7074-4744-bd35-6579d33827bf/e15312eb-c7e8-412e-8be3-b480c7f6765d_1395949355.jpeg?h=225&w=225
Tesco Free From Cherry Bakewell Tarts 4 Pack,€3.40,,€0.85/each,https://www.tesco.ie/groceries/en-IE/products/266712608,https://digitalcontent.api.tesco.com/v2/media/ghs/99caf4e7-a86d-4cd0-ad71-c5cefce33164/170198f7-a052-4ca4-ae7d-b5d57f341261.jpeg?h=225&w=225
Schar Sweet Brioche Rolls 200G,€3.59,,€17.95/kg,https://www.tesco.ie/groceries/en-IE/products/268870215,https://digitalcontent.api.tesco.com/v2/media/ghs/d705d8a8-c92f-4184-91b1-77f29e4c7069/23d363d6-d1f5-4351-beca-e75d15b66624_1313039618.jpeg?h=225&w=225
Tesco Free From 12 Rocky Road Mini Bites,€4.00,,€0.33/each,https://www.tesco.ie/groceries/en-IE/products/297172174,https://digitalcontent.api.tesco.com/v2/media/ghs/b5a0de59-89cd-4d38-9fd9-4ffa7577ed16/cce0a6ab-f5af-4969-87bb-232e5a327af5.jpeg?h=225&w=225
Ds-Gluten Free Chocolate Fingers 150G,€3.79,€1.15 Clubcard Price,€25.27/kg,https://www.tesco.ie/groceries/en-IE/products/278728779,https://digitalcontent.api.tesco.com/v2/media/ghs/c68d0bb1-e46c-4cb1-ae26-ef85a2efeea0/4fe9aa5b-0a30-407e-a972-87848fc734ab_518760693.jpeg?h=225&w=225
Kelkin Sourdough Multi Seed 200G,€3.09,,€15.45/kg,https://www.tesco.ie/groceries/en-IE/products/282088199,https://digitalcontent.api.tesco.com/v2/media/ghs/d6f35aed-9a6f-439f-89b2-2aef4171bbbc/snapshotimagehandler_234464085.jpeg?h=225&w=225
Kelkin Gluten Free Chocolate Wafer Bar 107.5G,€4.00,,€37.21/kg,https://www.tesco.ie/groceries/en-IE/products/268766679,https://digitalcontent.api.tesco.com/v2/media/ghs/b7f9f0b7-cf7e-4222-bd13-0b4845036496/snapshotimagehandler_1802912463.jpeg?h=225&w=225
Promise Gluten Free 12 Seeds And Grains Loaf480g,€4.59,,€9.56/kg,https://www.tesco.ie/groceries/en-IE/products/304075751,https://digitalcontent.api.tesco.com/v2/media/ghs/75b8a2a6-e126-4d23-85f8-a5cf5e6eb65b/c1be9397-fc5a-4fb5-9498-0d1a95469753_1248396067.jpeg?h=225&w=225
Tesco Free From 5 Chocolate Coated Cake Slices,€5.00,,€1.00/each,https://www.tesco.ie/groceries/en-IE/products/311225685,https://digitalcontent.api.tesco.com/v2/media/ghs/0611f96a-946b-4d74-9617-3d1551026c1d/6613d58c-1985-45f7-bfec-9bef4ddfeadc_198585366.jpeg?h=225&w=225
Tesco Free From 4 Chocolate Cupcakes,€4.75,,€1.19/each,https://www.tesco.ie/groceries/en-IE/products/308109689,https://digitalcontent.api.tesco.com/v2/media/ghs/2f6a7ec6-3fbf-44c9-b259-684224bd558b/1604c559-a6be-4297-b406-d2fb2f21e9be.jpeg?h=225&w=225
Genius Gluten Free 2 Double Chocolate Muffins,€2.75,,€1.38/each,https://www.tesco.ie/groceries/en-IE/products/293612012,https://digitalcontent.api.tesco.com/v2/media/ghs/f4b5db5b-cfa9-46d2-b952-7eb6b5511a10/ded541dc-206a-427a-ac83-1101fc538372.jpeg?h=225&w=225
John Mccambridge Gluten Free Chocolate Macaroons 225G,€2.90,,€12.89/kg,https://www.tesco.ie/groceries/en-IE/products/304722487,https://digitalcontent.api.tesco.com/v2/media/ghs/67e22a4a-f8f3-46ae-bb78-cd3609785910/snapshotimagehandler_275672652.jpeg?h=225&w=225
Promise Gluten N Free Rustic White Cob,€4.99,,€11.09/kg,https://www.tesco.ie/groceries/en-IE/products/304926488,https://digitalcontent.api.tesco.com/v2/media/ghs/95a1b087-23cf-4b02-ae21-6d1e2a6cdeff/snapshotimagehandler_1031623746.jpeg?h=225&w=225
Gluten Free Cranberry&Nut Crackers 110G,€4.70,,€42.73/kg,https://www.tesco.ie/groceries/en-IE/products/275458930,https://digitalcontent.api.tesco.com/v2/media/ghs/723df93d-c08d-4acb-8fa5-81e58a035f59/d1634c42-7c5f-4461-9aca-294e5c221baa_99207941.jpeg?h=225&w=225
Goodness Grains Gluten Free Croissant 130G,€3.75,,€28.85/kg,https://www.tesco.ie/groceries/en-IE/products/303193186,https://digitalcontent.api.tesco.com/v2/media/ghs/703028be-80ef-402f-9855-0c1638b65618/446baaf6-27dd-4c3d-aeb3-94178d2a4035_879470620.jpeg?h=225&w=225
Bfree Naan Bread 2Pack 240G,€3.99,,€16.62/kg,https://www.tesco.ie/groceries/en-IE/products/311431999,https://digitalcontent.api.tesco.com/v2/media/ghs/6f5cf5c5-acbd-4958-8664-b4c59b8e9849/d6bc69d4-8e7d-48d2-b3b2-3402ec20d7e4_132959073.jpeg?h=225&w=225
Goodness Grains Gluten Free Lemon Squares 170G,€3.75,,€22.06/kg,https://www.tesco.ie/groceries/en-IE/products/301762213,https://digitalcontent.api.tesco.com/v2/media/ghs/74ca8fbb-d6fa-4530-806b-2b40574127dd/4f282d2f-ab15-4893-86ec-078d3a81c021_297168980.jpeg?h=225&w=225
Tesco Free From Flapjack Bites 20 Pack,€4.30,,€0.22/each,https://www.tesco.ie/groceries/en-IE/products/308456634,https://digitalcontent.api.tesco.com/v2/media/ghs/78280730-ff2d-4cb9-bc03-670c2c421e83/8b7c7533-732f-4918-97cd-f8fe1e55801e.jpeg?h=225&w=225
Tesco Finest Free From Chocolate Cake,€5.30,,€5.30/each,https://www.tesco.ie/groceries/en-IE/products/287938223,https://digitalcontent.api.tesco.com/v2/media/ghs/f398923d-9797-4ef9-888b-2e8f5c452dab/78d00e43-9313-4582-9816-2bb36bce72db.jpeg?h=225&w=225
Goodness Grains Gluten Free Madeira Cake 320G,€3.75,,€11.72/kg,https://www.tesco.ie/groceries/en-IE/products/305982919,https://digitalcontent.api.tesco.com/v2/media/ghs/32414176-f915-4523-b2ee-aa638e65e0e5/5a21642b-b722-4fd6-8dd8-0d76c46774cf_1171958739.jpeg?h=225&w=225
Tesco Free From Chocolate Brownie Mix 284G,€2.99,,€10.53/kg,https://www.tesco.ie/groceries/en-IE/products/293194190,https://digitalcontent.api.tesco.com/v2/media/ghs/f5f57788-70ad-470f-9ea5-7e8665d2d729/87b81855-42fd-49fa-bfa3-c4177863ccd7_1100672994.jpeg?h=225&w=225
Promise Glnt/Fr Handcrafted Sctch Baps 260G,€4.29,,€16.50/kg,https://www.tesco.ie/groceries/en-IE/products/313857227,https://digitalcontent.api.tesco.com/v2/media/ghs/642325e9-6a63-4c16-9748-d4876f4e79b3/a588200a-4dcb-401d-83b9-1ef82544ca90_768829179.jpeg?h=225&w=225
Tesco Finest Free From Carrot Cake,€5.30,,€5.30/each,https://www.tesco.ie/groceries/en-IE/products/287938338,https://digitalcontent.api.tesco.com/v2/media/ghs/e52761e3-dcc7-4029-9d7c-e725c0c401a3/c9c5dd99-4974-4087-a1b0-41fc9a6b47cb.jpeg?h=225&w=225
Promise Gltn/F Rustic Seeded Sourdough 400G,€4.79,,€11.98/kg,https://www.tesco.ie/groceries/en-IE/products/304926413,https://digitalcontent.api.tesco.com/v2/media/ghs/b1930164-0a7a-497f-9a3b-b18035933bec/snapshotimagehandler_1843684634.jpeg?h=225&w=225
Promise Gluten Free Brioche Loaf 400G,€4.39,,€10.98/kg,https://www.tesco.ie/groceries/en-IE/products/302934602,https://digitalcontent.api.tesco.com/v2/media/ghs/95140f81-b237-4304-8275-01fe102f7d15/6f22e1c3-c35d-4e4b-ae99-da31873d6988_1792934447.jpeg?h=225&w=225
John Mccambridge Gluten Free Coconut Macaroons 190G,€2.90,,€15.26/kg,https://www.tesco.ie/groceries/en-IE/products/304731712,https://digitalcontent.api.tesco.com/v2/media/ghs/2ec25732-39fc-4f4a-81d9-8a34ea0c4d60/snapshotimagehandler_659985308.jpeg?h=225&w=225
Promise Gluten Free Blueberry Muffin 4 Pack 240G,€4.39,,€18.29/kg,https://www.tesco.ie/groceries/en-IE/products/306493500,https://digitalcontent.api.tesco.com/v2/media/ghs/84196e84-4907-4d25-9a6e-71498a830752/e7d0469a-2d63-4bce-8735-5dee774a5d07_1997643153.jpeg?h=225&w=225
Promise Gluten Free Sourdough Baguettes 180G,€3.99,,€22.17/kg,https://www.tesco.ie/groceries/en-IE/products/304926505,https://digitalcontent.api.tesco.com/v2/media/ghs/aeff9d00-a7db-479f-97db-602165d71405/2d7bccdc-bf0a-4dc8-b9c6-2ab7a0104e12_538252735.jpeg?h=225&w=225
Promise Gluten Free Brioche Buger Buns 280G,€3.39,,€12.11/kg,https://www.tesco.ie/groceries/en-IE/products/304075797,https://digitalcontent.api.tesco.com/v2/media/ghs/594a0569-c789-4a83-9597-44a75d86df1c/snapshotimagehandler_890999711.jpeg?h=225&w=225
Goodness Grains Luxury Chocolate Brownies 170G,€4.30,,€25.29/kg,https://www.tesco.ie/groceries/en-IE/products/306935249,https://digitalcontent.api.tesco.com/v2/media/ghs-mktg/b0b04216-fa73-466d-a9d7-c9fcfa1ce9b3/no-image.jpeg
Promise Gluten Free Soft White Rolls 4 Pack 200G,€4.29,,€21.45/kg,https://www.tesco.ie/groceries/en-IE/products/305977742,https://digitalcontent.api.tesco.com/v2/media/ghs/0a7ca652-92d1-4bb5-a094-654923a2cb72/snapshotimagehandler_907124668.jpeg?h=225&w=225
