Title,Price,Promotional Price,Price Per,Product URL,Image URL
Tesco Whole Cucumber Each,€0.85,,€0.85/each,https://www.tesco.ie/groceries/en-IE/products/253558972,https://digitalcontent.api.tesco.com/v2/media/ghs/8ca74ae2-2434-4c6c-b2e4-4d367fcd5629/8b7046c8-4f57-4da5-a5e5-88f7158c4877.jpeg?h=225&w=225
Tesco Mixed Peppers 3 Pack,€2.09,,€0.70/each,https://www.tesco.ie/groceries/en-IE/products/295026651,https://digitalcontent.api.tesco.com/v2/media/ghs/7b19180f-c342-4f83-8549-a43de706d599/snapshotimagehandler_982661017.jpeg?h=225&w=225
Tesco Red Peppers Each,€0.95,,€0.95/each,https://www.tesco.ie/groceries/en-IE/products/258421636,https://digitalcontent.api.tesco.com/v2/media/ghs/ddfa2a0e-ec45-49b8-99d2-3896f0df6e96/snapshotimagehandler_1601705053.jpeg?h=225&w=225
Tesco Salad Onions Bunch,€0.85,,€0.85/each,https://www.tesco.ie/groceries/en-IE/products/254523228,https://digitalcontent.api.tesco.com/v2/media/ghs/c98ae47f-5cab-4b27-82c8-bc0b228484c6/snapshotimagehandler_1834537405.jpeg?h=225&w=225
Tesco Tomatoes On The Vine 500G,€2.29,,€4.58/kg,https://www.tesco.ie/groceries/en-IE/products/288306987,https://digitalcontent.api.tesco.com/v2/media/ghs/60f580b8-09d0-4a51-bf42-14690186f8df/4cbe2342-a17b-4149-a95f-ae3c7c592f56_1275864885.jpeg?h=225&w=225
Tesco Celery 450G,€0.99,,€2.20/kg,https://www.tesco.ie/groceries/en-IE/products/281035552,https://digitalcontent.api.tesco.com/v2/media/ghs/69bc266a-785a-4659-8251-355ae2c72419/snapshotimagehandler_1221821090.jpeg?h=225&w=225
Tesco Peppers 2 Pack,€1.49,,€0.74/each,https://www.tesco.ie/groceries/en-IE/products/265182055,https://digitalcontent.api.tesco.com/v2/media/ghs/4db1f2ab-2da9-4349-866d-a1d01ff6563b/snapshotimagehandler_609325831.jpeg?h=225&w=225
Tesco Baby Plum Tomatoes 325G,€2.15,,€6.62/kg,https://www.tesco.ie/groceries/en-IE/products/267459342,https://digitalcontent.api.tesco.com/v2/media/ghs/92507c86-88ff-46d2-9777-0062eb5f53dc/8ed530b3-7ae7-459a-b3f8-b608c6d75001.jpeg?h=225&w=225
Tesco Iceberg Lettuce Each,€1.15,,€1.15/each,https://www.tesco.ie/groceries/en-IE/products/253557495,https://digitalcontent.api.tesco.com/v2/media/ghs/26e979e8-04cb-40e2-9528-803216410460/873f88ca-8c0f-4727-a1a9-4ea986010d41.jpeg?h=225&w=225
Tesco Wild Rocket 110G,€1.39,,€12.64/kg,https://www.tesco.ie/groceries/en-IE/products/268904154,https://digitalcontent.api.tesco.com/v2/media/ghs/217d0af1-9b98-4d45-a3ad-6ad4b83b0ece/59dbaeba-de26-4380-bbb3-dce4da346fa0_1360374477.jpeg?h=225&w=225
Tesco Round Lettuce,€0.89,,€0.89/each,https://www.tesco.ie/groceries/en-IE/products/277183387,https://digitalcontent.api.tesco.com/v2/media/ghs/37103dcb-2b4f-4c8d-a1a4-b738bc9fd800/snapshotimagehandler_1596851690.jpeg?h=225&w=225
Tesco Spinach 90G,€0.99,,€11.00/kg,https://www.tesco.ie/groceries/en-IE/products/292843080,https://digitalcontent.api.tesco.com/v2/media/ghs/7349b9f5-7592-4b37-96b0-26b165ccd842/snapshotimagehandler_1826627359.jpeg?h=225&w=225
Tesco Cherry Tomatoes On The Vine 300G,€2.59,,€8.63/kg,https://www.tesco.ie/groceries/en-IE/products/305963758,https://digitalcontent.api.tesco.com/v2/media/ghs/30eb0825-df15-40f2-b3fb-1fdc7e5d45c1/c9ac4cbb-6fb4-413c-ad24-7ca984eb6b77_65901296.jpeg?h=225&w=225
Tesco Sandwich Iceberg Lettuce,€1.49,,€1.49/each,https://www.tesco.ie/groceries/en-IE/products/310144131,https://digitalcontent.api.tesco.com/v2/media/ghs/4c5f7367-f12c-432d-ac38-d3f1e4a0636d/85038b25-4e5b-4473-bc12-e4a3fc7a4b93_850848771.jpeg?h=225&w=225
Tesco Little Gem Lettuce Twin Pack,€1.29,,€0.64/each,https://www.tesco.ie/groceries/en-IE/products/253560041,https://digitalcontent.api.tesco.com/v2/media/ghs/6a67750a-e02f-40dd-80cf-b53a133029f9/0012bdd1-7a4a-4c8a-8d8d-bb8ca60d48c9.jpeg?h=225&w=225
Tesco Finest Coleslaw 260G,€1.75,,€6.73/kg,https://www.tesco.ie/groceries/en-IE/products/265183895,https://digitalcontent.api.tesco.com/v2/media/ghs/900f1d21-ed79-43d1-8fa0-9b874fb5b1eb/snapshotimagehandler_932877693.jpeg?h=225&w=225
Tesco Creamy Coleslaw 400G,€0.95,,€2.38/kg,https://www.tesco.ie/groceries/en-IE/products/265184306,https://digitalcontent.api.tesco.com/v2/media/ghs/fafc7872-5bda-462c-86c5-50822b0ade65/e7cd1bec-98ab-4e10-b19b-ee5c47d0154b_238762752.jpeg?h=225&w=225
Tesco Finest Piccobella Cherry Tomatoes 250G,Currently out of stock,,,https://www.tesco.ie/groceries/en-IE/products/310661716,https://digitalcontent.api.tesco.com/v2/media/ghs/493a0bf8-7f8b-4fe0-914c-03e43621ba45/f70a3b8e-499c-41bb-9095-94c1dede1533_865157018.jpeg?h=225&w=225
Tesco Creamy Coleslaw 200G,€0.89,,€4.45/kg,https://www.tesco.ie/groceries/en-IE/products/299731558,https://digitalcontent.api.tesco.com/v2/media/ghs/9f62cadb-a850-4dd7-aa33-173699c857df/3b9c6e51-0105-415c-a34e-a3164a8e4d5d_52872549.jpeg?h=225&w=225
Tesco Italian Mix Salad 170G,€0.99,,€5.82/kg,https://www.tesco.ie/groceries/en-IE/products/292843212,https://digitalcontent.api.tesco.com/v2/media/ghs/3c0f034c-d06c-4517-a12f-e9f63df757ad/snapshotimagehandler_784194398.jpeg?h=225&w=225
The Galway Kitchen Classic Houmous 200G,€1.00,,€5.00/kg,https://www.tesco.ie/groceries/en-IE/products/311202482,https://digitalcontent.api.tesco.com/v2/media/ghs/c807b3fb-b355-4858-a865-02700438553a/b6d13143-49c9-46b6-90e8-9b27e962334b_941530602.jpeg?h=225&w=225
Tesco Finest Sunstream Tomatoes 250G,€2.89,,€11.56/kg,https://www.tesco.ie/groceries/en-IE/products/266813103,https://digitalcontent.api.tesco.com/v2/media/ghs/7549ef56-1be0-47b7-ae1b-0d7f9a49b60b/c0a4616c-32ce-49f8-8e4a-590bf148c52a_1392322528.jpeg?h=225&w=225
Nightingale Farms Cherry Tomatoes 250G,€0.99,,€3.96/kg,https://www.tesco.ie/groceries/en-IE/products/292213267,https://digitalcontent.api.tesco.com/v2/media/ghs/ad66ee3c-acbb-41c3-954a-4a04fc110cb6/4302568d-4100-4ca5-a4b7-2559cc634afa_1851066632.jpeg?h=225&w=225
Tesco Creamy Caesar Salad Kit 240G,€1.69,,€7.04/kg,https://www.tesco.ie/groceries/en-IE/products/273571026,https://digitalcontent.api.tesco.com/v2/media/ghs/a1e54f60-a152-4bbb-879b-0773ca7f29d9/snapshotimagehandler_162897249.jpeg?h=225&w=225
Tesco Mild Spinach 200G,€1.39,,€6.95/kg,https://www.tesco.ie/groceries/en-IE/products/288698406,https://digitalcontent.api.tesco.com/v2/media/ghs/3f4ba35b-04e5-4b91-8bcc-001ecfd9a9b3/40249ab3-4779-4633-b787-202a01acac00_1955435065.jpeg?h=225&w=225
Tesco Iceberg 260G,€1.09,,€4.19/kg,https://www.tesco.ie/groceries/en-IE/products/268307354,https://digitalcontent.api.tesco.com/v2/media/ghs/b0b5954a-fd93-44bd-a1a4-3f98a2eba133/526c7de8-6557-4a56-9ce6-52120c883d2e_1253585526.jpeg?h=225&w=225
Tesco Fresh Herbs Coriander 30G,€1.09,,€36.33/kg,https://www.tesco.ie/groceries/en-IE/products/263162480,https://digitalcontent.api.tesco.com/v2/media/ghs/18b06210-67e4-4bdb-9b18-36e233d34108/snapshotimagehandler_2000356876.jpeg?h=225&w=225
Tesco Yellow Peppers Each,Currently out of stock,,,https://www.tesco.ie/groceries/en-IE/products/258905427,https://digitalcontent.api.tesco.com/v2/media/ghs/713de93d-0abc-4868-bf5a-3cbc7b21586d/snapshotimagehandler_1338435267.jpeg?h=225&w=225
Green Growers Cherry Plum Tomatoes 250G,€1.99,,€7.96/kg,https://www.tesco.ie/groceries/en-IE/products/313729656,https://digitalcontent.api.tesco.com/v2/media/ghs/0cde1b55-fdff-4936-b49b-a7687c141973/00ba5c2a-d806-4ea2-a5c5-94e89d8f48ba_636518965.jpeg?h=225&w=225
Tesco Finest Sweet Pointed Peppers 220G,Currently out of stock,,,https://www.tesco.ie/groceries/en-IE/products/251298216,https://digitalcontent.api.tesco.com/v2/media/ghs/f44dcf42-fc03-46ff-a1d2-5c13154ad4b7/d14ea944-e951-4bdf-8c4f-2f62f93b3667_1404216579.jpeg?h=225&w=225
Tesco Fresh Herbs Basil 25G,€0.99,,€39.60/kg,https://www.tesco.ie/groceries/en-IE/products/263160833,https://digitalcontent.api.tesco.com/v2/media/ghs/c5bfb958-4abd-48c4-b76f-bd5414aea97f/snapshotimagehandler_1252561517.jpeg?h=225&w=225
Tesco Sweet Mini Peppers 200G,Currently out of stock,,,https://www.tesco.ie/groceries/en-IE/products/310687899,https://digitalcontent.api.tesco.com/v2/media/ghs/eb665e3d-6a46-4aa3-9eef-f690a6e711fa/8beac5a2-1d59-4287-8319-43856c6d258a_1250394505.jpeg?h=225&w=225
Tesco Healthy Living Coleslaw 360G,€1.29,,€3.58/kg,https://www.tesco.ie/groceries/en-IE/products/265184577,https://digitalcontent.api.tesco.com/v2/media/ghs/c8810e3f-e607-42bf-a88c-0c360bcec168/snapshotimagehandler_1342123534.jpeg?h=225&w=225
Tesco Fresh Herbs Flat Parsley 37G,€1.09,,€29.46/kg,https://www.tesco.ie/groceries/en-IE/products/263161636,https://digitalcontent.api.tesco.com/v2/media/ghs/f7249bfd-5630-49fe-ad0f-00611ce2c1af/snapshotimagehandler_734948216.jpeg?h=225&w=225
Tesco Salad Tomatoes 6 Pack,€1.29,,€0.22/each,https://www.tesco.ie/groceries/en-IE/products/255208088,https://digitalcontent.api.tesco.com/v2/media/ghs/131c9a6c-2f7c-4a21-9710-93f25e5a1ca8/6c4cdb13-f171-4933-a11d-57a2bfca3138_1818806353.jpeg?h=225&w=225
Tesco Fresh Herbs Thyme 25G,€0.99,,€39.60/kg,https://www.tesco.ie/groceries/en-IE/products/263199223,https://digitalcontent.api.tesco.com/v2/media/ghs/2837aa7e-4e26-44bc-a242-4bd50c083a06/snapshotimagehandler_1979623441.jpeg?h=225&w=225
Florette Bistro Salad 130G,€1.69,,€13.00/kg,https://www.tesco.ie/groceries/en-IE/products/267051109,https://digitalcontent.api.tesco.com/v2/media/ghs/ec120cc3-d5e9-4c50-aa4f-7559078944f1/ccc64603-1943-4e31-a776-f9b85e0ca6ab_1973602575.jpeg?h=225&w=225
Just Add Garlic Puree,€1.49,,€0.17/each,https://www.tesco.ie/groceries/en-IE/products/303946765,https://digitalcontent.api.tesco.com/v2/media/ghs/c167ebe2-427a-40b5-bbc4-f1340fe21dd1/71aa01e9-ed0d-4fd4-b85a-03faa3db00e3_1294831014.jpeg?h=225&w=225
Tesco Spicy Cous Cous 250G,€1.39,,€5.56/kg,https://www.tesco.ie/groceries/en-IE/products/298360163,https://digitalcontent.api.tesco.com/v2/media/ghs/41e1326b-fda3-451a-94e3-a31bfca7b1c7/snapshotimagehandler_421969072.jpeg?h=225&w=225
Tesco Houmous Red Pepper 182G,€1.50,,€8.24/kg,https://www.tesco.ie/groceries/en-IE/products/296233369,https://digitalcontent.api.tesco.com/v2/media/ghs/5a74c3ae-371c-4a8d-a5ce-61737258d215/6458de57-bd6b-4fc1-b057-ff465f849943.jpeg?h=225&w=225
Eastman's Houmous 200G,€0.85,,€4.25/kg,https://www.tesco.ie/groceries/en-IE/products/310177161,https://digitalcontent.api.tesco.com/v2/media/ghs/3ee0a492-a74a-4491-addc-4cc857ac9e5a/46a5d9ea-27ef-425a-8e56-daaa3f056b46.jpeg?h=225&w=225
Tesco Green Peppers Each,€0.95,,€0.95/each,https://www.tesco.ie/groceries/en-IE/products/258270595,https://digitalcontent.api.tesco.com/v2/media/ghs/61ad2a29-f43e-407f-b49c-5d8a161143ab/snapshotimagehandler_308214006.jpeg?h=225&w=225
Tesco Cocktail Tomatoes On The Vine 500G,€2.89,,€5.78/kg,https://www.tesco.ie/groceries/en-IE/products/311785712,https://digitalcontent.api.tesco.com/v2/media/ghs/6469954e-83a7-4470-ae7b-3e23fa61f5c8/d9bda8d3-f179-4271-9fd9-e339cb5d1de2_867184557.jpeg?h=225&w=225
Growing Herbs Basil,€1.49,,€1.49/each,https://www.tesco.ie/groceries/en-IE/products/256024384,https://digitalcontent.api.tesco.com/v2/media/ghs/7e0482f9-d532-4068-9348-b18cab969366/snapshotimagehandler_768930710.jpeg?h=225&w=225
Tesco Red Chillies 60G,€1.09,,€18.17/kg,https://www.tesco.ie/groceries/en-IE/products/256339363,https://digitalcontent.api.tesco.com/v2/media/ghs/2bb3f20b-d0d1-4a2f-99f6-98bba2ad1a74/a77c13e7-23af-458c-ab10-a1557ec9c4bb.jpeg?h=225&w=225
Florette Lambs Lettuce And Ruby Chard-Duos 70G,€1.89,,€27.00/kg,https://www.tesco.ie/groceries/en-IE/products/268450236,https://digitalcontent.api.tesco.com/v2/media/ghs/3a27ed0f-f0b6-4ea0-b9f3-e0f6e60e63f3/7e8090bf-4238-4c72-a68f-f1a506dbdc38_2077701488.jpeg?h=225&w=225
Tesco Cheese Coleslaw 280G,€1.59,,€5.68/kg,https://www.tesco.ie/groceries/en-IE/products/307360679,https://digitalcontent.api.tesco.com/v2/media/ghs/8598f16d-0a43-4e49-9341-e27ac34cc62c/68ab5ab1-1966-4c20-ba59-b690ec85077b_126681193.jpeg?h=225&w=225
Tesco Mixed Chillies 65G,€0.70,,€10.77/kg,https://www.tesco.ie/groceries/en-IE/products/262453391,https://digitalcontent.api.tesco.com/v2/media/ghs/0013b708-a532-42ae-a04e-827f4119e45a/2bc08bdf-e12e-4c4c-8554-4ecefd7b94a6.jpeg?h=225&w=225
Tesco Fresh Herbs Rosemary 21G,€0.99,,€47.14/kg,https://www.tesco.ie/groceries/en-IE/products/263161521,https://digitalcontent.api.tesco.com/v2/media/ghs/fb229256-cea3-48d5-afd5-27805aed6c65/snapshotimagehandler_600142532.jpeg?h=225&w=225
Finest Vine Tomatoes,€2.99,,€7.48/kg,https://www.tesco.ie/groceries/en-IE/products/283723760,https://digitalcontent.api.tesco.com/v2/media/ghs/d1beb54d-21e8-4fff-ad7b-04e2a7175ee2/snapshotimagehandler_502059120.jpeg?h=225&w=225
Tesco Plum Tomato Tray 500G,€2.45,,€4.90/kg,https://www.tesco.ie/groceries/en-IE/products/305496435,https://digitalcontent.api.tesco.com/v2/media/ghs/49dbaabd-0c15-4c7e-9299-590bd1aa93af/snapshotimagehandler_862776335.jpeg?h=225&w=225
Tesco Finest Coleslaw 530G,€2.75,,€5.19/kg,https://www.tesco.ie/groceries/en-IE/products/266077052,https://digitalcontent.api.tesco.com/v2/media/ghs/8a9d956a-33f9-44ff-b724-36dc12112fc6/snapshotimagehandler_696057416.jpeg?h=225&w=225
Tesco Fresh Herbs Parsley 43G,€0.99,,€23.02/kg,https://www.tesco.ie/groceries/en-IE/products/263161544,https://digitalcontent.api.tesco.com/v2/media/ghs/bdec17cf-5ff4-4eda-9f03-f506e8c6723d/snapshotimagehandler_674581831.jpeg?h=225&w=225
Tesco Celery Sticks 250G,€1.25,,€5.00/kg,https://www.tesco.ie/groceries/en-IE/products/307351045,https://digitalcontent.api.tesco.com/v2/media/ghs/1709627e-96e0-4a7c-aa1c-0b0f2fa9ff92/0149940f-8d2b-434b-baca-f0098f2e54b2.jpeg?h=225&w=225
Tesco Egg Mayonnaise 250G,€1.89,,€7.56/kg,https://www.tesco.ie/groceries/en-IE/products/290456397,https://digitalcontent.api.tesco.com/v2/media/ghs/3a7b7a3d-008e-4947-8c87-a02b093f0d63/8406ac34-bde9-480c-9eae-3bf5ce9bb6b9_1969800247.jpeg?h=225&w=225
Tesco.Reduced Fat Houmous 200G (C),€1.07,,€5.35/kg,https://www.tesco.ie/groceries/en-IE/products/267593084,https://digitalcontent.api.tesco.com/v2/media/ghs/576d5bb4-0d4b-49da-8df4-a1161f196e90/a0ec70db-cc52-4311-acdb-2eb6211a68c4.jpeg?h=225&w=225
Tesco Large Spring Onions Bunched 130G,€1.59,,€12.23/kg,https://www.tesco.ie/groceries/en-IE/products/281054492,https://digitalcontent.api.tesco.com/v2/media/ghs/ccd0f046-8c7d-46a6-9dde-4335ef00da39/ec6425ee-b14c-4016-978b-8047a97bbd74.jpeg?h=225&w=225
Tesco Fresh Herbs Coriander 80G,Currently out of stock,,,https://www.tesco.ie/groceries/en-IE/products/263160960,https://digitalcontent.api.tesco.com/v2/media/ghs/019a55fc-9a43-4af2-a58a-f6953e1913e6/snapshotimagehandler_1583725421.jpeg?h=225&w=225
Tesco Finest Mini San Marzano Tomatoes 270G,€2.99,,€11.07/kg,https://www.tesco.ie/groceries/en-IE/products/278004806,https://digitalcontent.api.tesco.com/v2/media/ghs/0d4aba41-81e9-4ce0-834d-9b2640c865d3/52a61fae-b69f-43a8-b176-4dc1fc63e4db_1845333946.jpeg?h=225&w=225
Tesco Romaine Lettuce Hearts Twin Pac,€1.69,,€0.84/each,https://www.tesco.ie/groceries/en-IE/products/254797214,https://digitalcontent.api.tesco.com/v2/media/ghs/064a5e90-40e9-44e2-b022-136dd9e24dd3/93473172-d514-46ef-8395-db5f41966c63.jpeg?h=225&w=225
Tesco Sweet Peppers 500G,Currently out of stock,,,https://www.tesco.ie/groceries/en-IE/products/295673143,https://digitalcontent.api.tesco.com/v2/media/ghs/1c0eaaf8-e784-4f38-83c2-972b3437b2a8/60fdc559-e99f-4718-98f8-06766c6a38cf.jpeg?h=225&w=225
Tesco Babyleaf Rocket Salad 100G,€2.49,,€24.90/kg,https://www.tesco.ie/groceries/en-IE/products/278433424,https://digitalcontent.api.tesco.com/v2/media/ghs/1b7d79f5-0479-452d-b2ef-019577223480/1727fda4-fea6-4e55-92b4-938748cc5529_1105182357.jpeg?h=225&w=225
Tesco Caramelised Onion Houmous 182G,€1.35,,€7.42/kg,https://www.tesco.ie/groceries/en-IE/products/281543273,https://digitalcontent.api.tesco.com/v2/media/ghs/5d5963fa-073d-47ef-a9c4-b29a7d6ec2a7/snapshotimagehandler_1766608882.jpeg?h=225&w=225
Eastman's Reduced Fat Houmous 200G,€0.85,,€4.25/kg,https://www.tesco.ie/groceries/en-IE/products/310109168,https://digitalcontent.api.tesco.com/v2/media/ghs/614daa77-9f8e-4820-b7fd-e24f122630d3/3082cf7d-e40a-4ef2-8f04-a2b361e884d8.jpeg?h=225&w=225
Tesco Smashed Avocado With Lime - 200G,€2.49,,€12.45/kg,https://www.tesco.ie/groceries/en-IE/products/305942933,https://digitalcontent.api.tesco.com/v2/media/ghs/4fe57a26-cf21-4301-a2ce-b0b2b8d27c1b/e1cce225-b66f-4fc6-be8c-76db1338c417.jpeg?h=225&w=225
Tesco Fresh Herbs Mint 25G,€1.09,,€43.60/kg,https://www.tesco.ie/groceries/en-IE/products/263161607,https://digitalcontent.api.tesco.com/v2/media/ghs/039d6f98-e426-4629-9fdd-f8a2fc7842fd/snapshotimagehandler_2066106161.jpeg?h=225&w=225
Tesco Spinach And Rocket Salad 50G,€0.99,,€19.80/kg,https://www.tesco.ie/groceries/en-IE/products/313962010,https://digitalcontent.api.tesco.com/v2/media/ghs/41319a00-416f-4364-b898-1fa63524ab0f/49b39bcb-a2d7-4b8e-837f-469363b91a7d_51523267.jpeg?h=225&w=225
Tesco Whole Large Cucumber,Currently out of stock,,,https://www.tesco.ie/groceries/en-IE/products/280379906,https://digitalcontent.api.tesco.com/v2/media/ghs/68757e85-ab81-4f2e-bd57-1e4f913fa36d/a73c49dd-d60f-40b3-9e3a-5cb1e0dd9d0c_372589385.jpeg?h=225&w=225
Tesco Radish 240G,€0.79,,€3.29/kg,https://www.tesco.ie/groceries/en-IE/products/267080529,https://digitalcontent.api.tesco.com/v2/media/ghs/88081bc4-0932-49e0-8f53-1d092f66d0c4/f0b38e9f-dd8f-4305-ad2f-ff2651613bc2.jpeg?h=225&w=225
Fresh & Naked Spinach 125G,€0.99,,€7.92/kg,https://www.tesco.ie/groceries/en-IE/products/272107544,https://digitalcontent.api.tesco.com/v2/media/ghs/9c06e98c-dbca-4ff4-a393-d242c0fdf002/1cb00abb-fb9d-49d9-b222-db33581af35a.jpeg?h=225&w=225
Tesco Seasonal Baby Leaf 100G,€1.25,,€12.50/kg,https://www.tesco.ie/groceries/en-IE/products/278433563,https://digitalcontent.api.tesco.com/v2/media/ghs/7fbbd122-8aca-4363-9ae1-22b64a025215/snapshotimagehandler_767170951.jpeg?h=225&w=225
Morning Fresh Living Nature Triple Lettuce Selection,€1.59,,€1.59/each,https://www.tesco.ie/groceries/en-IE/products/311689210,https://digitalcontent.api.tesco.com/v2/media/ghs/ccace880-e71d-47df-a62b-e27c4cd34da1/52eac857-b6bf-4844-bbb9-f7370f9b4581_1984643638.jpeg?h=225&w=225
Total Organics Organic Peppers 250G,€2.59,,€10.36/kg,https://www.tesco.ie/groceries/en-IE/products/307755351,https://digitalcontent.api.tesco.com/v2/media/ghs/662ae6e9-9d9c-475e-b60e-863ee9e050c9/snapshotimagehandler_739072681.jpeg?h=225&w=225
Tesco Tuna And Sweet Corn 235G,€2.57,,€10.94/kg,https://www.tesco.ie/groceries/en-IE/products/290456414,https://digitalcontent.api.tesco.com/v2/media/ghs/bd949021-cdb2-4f50-9d42-8fc58aea0c05/b9065843-52be-4068-ac67-dc712aef767b_23255898.jpeg?h=225&w=225
Tesco Classic Italian Style Side Salad 150G,€2.50,,€16.67/kg,https://www.tesco.ie/groceries/en-IE/products/311261629,https://digitalcontent.api.tesco.com/v2/media/ghs/afd1cf2b-9fac-4cdc-a40c-3ad3c9ffbe4f/39b162ef-79f7-4695-a917-a99dd5bc95b3_1616968450.jpeg?h=225&w=225
Tesco Guacamole Dip 163G,€2.00,,€12.27/kg,https://www.tesco.ie/groceries/en-IE/products/272440431,https://digitalcontent.api.tesco.com/v2/media/ghs/5cec8c06-34e5-4582-956c-6bf4e4914bb0/d1c6d363-3bb0-4b76-a2ae-e5add71475b4.jpeg?h=225&w=225
Tesco Express Houmous 211G,€1.00,,€4.74/kg,https://www.tesco.ie/groceries/en-IE/products/272438740,https://digitalcontent.api.tesco.com/v2/media/ghs-mktg/b0b04216-fa73-466d-a9d7-c9fcfa1ce9b3/no-image.jpeg
Growing Herbs Coriander,€1.49,,€1.49/each,https://www.tesco.ie/groceries/en-IE/products/256024418,https://digitalcontent.api.tesco.com/v2/media/ghs/7898a3b3-701a-4626-9391-b6dad33e6467/snapshotimagehandler_101373030.jpeg?h=225&w=225
Tesco Sour Cream & Chive Dip 200G,€2.00,,€10.00/kg,https://www.tesco.ie/groceries/en-IE/products/260249776,https://digitalcontent.api.tesco.com/v2/media/ghs/6168fb3f-1238-4fec-8fee-66269c7560a7/e2f69016-7cc4-4703-ae54-3209e615b8db.jpeg?h=225&w=225
Just Add Ginger Puree,€1.49,,€0.17/each,https://www.tesco.ie/groceries/en-IE/products/303946828,https://digitalcontent.api.tesco.com/v2/media/ghs/02e3f916-d333-42b9-bd82-3f0f0b944eea/eefa1b18-6ad2-48ae-a260-2c1f9e170fa6_893395078.jpeg?h=225&w=225
Morning Fresh Living Nature Butterhead Lettuce,€1.29,,€1.29/each,https://www.tesco.ie/groceries/en-IE/products/311944507,https://digitalcontent.api.tesco.com/v2/media/ghs/30dd42dd-f42c-4d1f-85d2-cd0dba465173/4864966f-dfc9-4d24-9c7d-f4933801ad55_1859261291.jpeg?h=225&w=225
Growing Herbs Curled Parsley,€1.49,,€1.49/each,https://www.tesco.ie/groceries/en-IE/products/255887285,https://digitalcontent.api.tesco.com/v2/media/ghs/6b543c4f-946b-42d2-8ce1-e50ba10f51e1/snapshotimagehandler_1838386573.jpeg?h=225&w=225
The Galway Kitchen Organic Houmous 200G,€1.89,,€9.45/kg,https://www.tesco.ie/groceries/en-IE/products/311948561,https://digitalcontent.api.tesco.com/v2/media/ghs/05d859e0-76ad-443e-99c5-6f09f3c0847d/aebe51bf-4fdc-4553-ad6b-9c485ca5907e_1526770999.jpeg?h=225&w=225
Tesco Pasta And Spinach Pinenut 175G,€2.09,,€11.94/kg,https://www.tesco.ie/groceries/en-IE/products/280403406,https://digitalcontent.api.tesco.com/v2/media/ghs/01a4f6b7-d607-4c22-a18d-565d9aac3c32/ee2a8c27-7669-4c9a-b13d-4d26c3a408c5_353193019.jpeg?h=225&w=225
Farm Select Mixed Chillies 65G,€1.09,,€16.77/kg,https://www.tesco.ie/groceries/en-IE/products/311229485,https://digitalcontent.api.tesco.com/v2/media/ghs/3f28ed1d-b9d3-4344-b8c2-0bd92d2eefbd/535d8347-fba1-4ef1-85c3-e0de9e21394b_196514871.jpeg?h=225&w=225
The Galway Kitchen Sweet Chilli Houmous 182G,€1.50,,€8.24/kg,https://www.tesco.ie/groceries/en-IE/products/311938043,https://digitalcontent.api.tesco.com/v2/media/ghs/5aba047c-fb9e-4e13-9526-4735e8472a0c/45a5f289-e896-4623-aaa1-89c6f4b1637e_1899998094.jpeg?h=225&w=225
Tesco Large Caesar Salad Bowl 270G,€3.60,,€13.33/kg,https://www.tesco.ie/groceries/en-IE/products/306370611,https://digitalcontent.api.tesco.com/v2/media/ghs/10ab21d5-6329-4a6f-ac16-7d99914d1c13/snapshotimagehandler_2007116171.jpeg?h=225&w=225
Tesco Sliced Mixed Peppers 500G,Currently out of stock,,,https://www.tesco.ie/groceries/en-IE/products/263352514,https://digitalcontent.api.tesco.com/v2/media/ghs/9a991c2d-df71-495c-8d23-1a22ef99b290/9de3ce8e-f797-4776-b797-660779acd000.jpeg?h=225&w=225
Tesco Fresh Dill 21G,€0.99,,€47.14/kg,https://www.tesco.ie/groceries/en-IE/products/263161642,https://digitalcontent.api.tesco.com/v2/media/ghs/c1e285d9-da09-4335-ac2f-9e1c61437319/snapshotimagehandler_800188339.jpeg?h=225&w=225
Tesco Finest Moroccan Inspired Houmous 170G,€2.50,,€14.71/kg,https://www.tesco.ie/groceries/en-IE/products/299911081,https://digitalcontent.api.tesco.com/v2/media/ghs/8b6f9a1a-ba25-4126-a963-2448e7b2af68/93a9bd70-ec8e-4f8b-a263-c0fd54cbc279.jpeg?h=225&w=225
The Galway Kitchen Reduced Fat Houmous 200G,€1.00,,€5.00/kg,https://www.tesco.ie/groceries/en-IE/products/311793420,https://digitalcontent.api.tesco.com/v2/media/ghs/d26973cd-1a55-420b-b759-584bb6bf3485/a42997dc-f1a5-4797-b2e2-c75d664a510a_1757617234.jpeg?h=225&w=225
Tesco Salsa 200G,€2.00,,€10.00/kg,https://www.tesco.ie/groceries/en-IE/products/300257905,https://digitalcontent.api.tesco.com/v2/media/ghs/de2f60a5-4cf9-46b5-8252-6d22a27a41bd/8c935c2b-810d-4550-b9f5-e4205efa8cee_399618003.jpeg?h=225&w=225
Tesco Finest Potato Salad 275G,€2.05,,€7.46/kg,https://www.tesco.ie/groceries/en-IE/products/297923997,https://digitalcontent.api.tesco.com/v2/media/ghs/d1b1d872-8371-4209-bc92-f247e28e9b1d/snapshotimagehandler_887672116.jpeg?h=225&w=225
Tesco Smashed Avocado With Chilli - 200G,€2.49,,€12.45/kg,https://www.tesco.ie/groceries/en-IE/products/305988660,https://digitalcontent.api.tesco.com/v2/media/ghs/6a7c62c3-fed8-4f25-9170-09faf5b45e5f/9bf41802-5cbe-43db-92eb-37f9ae68dd8c.jpeg?h=225&w=225
Mccormack Family Farms Rocket Leaves 75G,€1.19,,€15.87/kg,https://www.tesco.ie/groceries/en-IE/products/313969694,https://digitalcontent.api.tesco.com/v2/media/ghs/06b8a4bf-6d42-4954-b2ea-8174d7a4fedb/3d6739d4-f34e-46ba-82ea-1b11fcc9dba4_1041824937.jpeg?h=225&w=225
Tesco Chipotle Coleslaw 260G,€1.79,,€6.88/kg,https://www.tesco.ie/groceries/en-IE/products/307351391,https://digitalcontent.api.tesco.com/v2/media/ghs/382481c6-add4-42e6-9563-5eedfc6c1ad9/7e554ae5-1dea-41e2-9b35-96a03daf10cf_749478616.jpeg?h=225&w=225
Schwartz Mulled Wine Spice Refill 18G,€2.25,,€125.00/kg,https://www.tesco.ie/groceries/en-IE/products/258540593,https://digitalcontent.api.tesco.com/v2/media/ghs/84a9d65a-9e45-4bba-97a4-0a8ac10d1170/f7533692-4e08-4ce6-98e7-0486b4d5c847_959940639.jpeg?h=225&w=225
Tesco Finger Chillies 80G,€1.09,,€13.62/kg,https://www.tesco.ie/groceries/en-IE/products/253194105,https://digitalcontent.api.tesco.com/v2/media/ghs/e9534fd7-f1bd-4ada-93b8-d50f30879dce/9d9f5ba7-dc09-4aa5-9d87-81f5b12cbbe9.jpeg?h=225&w=225
Good4u Super Sprouts 60G,€1.79,Any 2 for €3 Clubcard Price - Selected Tesco Salad 60g-180g,€29.83/kg,https://www.tesco.ie/groceries/en-IE/products/274157683,https://digitalcontent.api.tesco.com/v2/media/ghs/acca526b-6a4a-43e1-8b0c-b01f35fc4a99/snapshotimagehandler_621963420.jpeg?h=225&w=225
Total Organics Organic Baby Tomatoes 250G,€1.99,,€7.96/kg,https://www.tesco.ie/groceries/en-IE/products/306808130,https://digitalcontent.api.tesco.com/v2/media/ghs/85bcfb2f-18ff-4436-8c25-26fba95f78b3/ade1f887-9f67-4479-823b-8cbb4cbef6d3_1514304875.jpeg?h=225&w=225
Tesco Sweet Vine Ripened Tomatoes 750G,€3.29,,€4.39/kg,https://www.tesco.ie/groceries/en-IE/products/313732104,https://digitalcontent.api.tesco.com/v2/media/ghs/5ce148dd-c257-4d31-898f-bb7a72ca74a9/49c734fc-d81c-4aa5-bdc4-27e4cee30146_168070428.jpeg?h=225&w=225
Country Kitchen Supergreen Salad 220G,€2.50,,€11.36/kg,https://www.tesco.ie/groceries/en-IE/products/312211855,https://digitalcontent.api.tesco.com/v2/media/ghs/74cfad6e-2174-402c-b667-ffade8c4489b/741af27e-a416-4d5f-9ace-4c9054affa09_1885667065.jpeg?h=225&w=225
Growing Herbs Rosemary,€1.49,,€1.49/each,https://www.tesco.ie/groceries/en-IE/products/250036310,https://digitalcontent.api.tesco.com/v2/media/ghs/914dbe09-d5eb-4f4a-a6ed-d2f40e93195d/426b03e5-90bf-4648-985a-27176425c3e9_813959077.jpeg?h=225&w=225
Mccormack Family Farms Mixed Leaves 75G,€1.19,,€15.87/kg,https://www.tesco.ie/groceries/en-IE/products/315160117,https://digitalcontent.api.tesco.com/v2/media/ghs/fb348758-0a64-4891-94cd-e7a12e538751/8c219e9c-d886-4cf3-80bb-ab1639cce8e5_1818771149.jpeg?h=225&w=225
Total Organics Organic Vacuum Pack Beetroot 500G,€2.09,,€4.18/kg,https://www.tesco.ie/groceries/en-IE/products/309771495,https://digitalcontent.api.tesco.com/v2/media/ghs/6c0b4e9b-92b5-432f-9383-9cb4c9b46703/7d4de129-5a96-402a-b2f0-5c34d518201f_1081649459.jpeg?h=225&w=225
Florette Baby Leaf 100G,€1.99,,€19.90/kg,https://www.tesco.ie/groceries/en-IE/products/273752256,https://digitalcontent.api.tesco.com/v2/media/ghs/03d3ec60-07ad-407c-ba40-36fdc76795f3/bd1954bf-4e5a-4ae3-b8bc-050643297c3a_982133272.jpeg?h=225&w=225
Growing Herbs Thyme,€1.49,,€1.49/each,https://www.tesco.ie/groceries/en-IE/products/256230773,https://digitalcontent.api.tesco.com/v2/media/ghs/e163e38b-f31c-4db8-a39b-86d024355cb7/snapshotimagehandler_1944921348.jpeg?h=225&w=225
Tesco Sweet Chilli Houmous 182G,€1.59,,€8.74/kg,https://www.tesco.ie/groceries/en-IE/products/280711548,https://digitalcontent.api.tesco.com/v2/media/ghs/d19be6c0-fd9e-4d78-8487-041b8c1a71c5/snapshotimagehandler_331524798.jpeg?h=225&w=225
Mccormack Family Farms Lambs Lettuce 75G,€1.19,,€15.87/kg,https://www.tesco.ie/groceries/en-IE/products/314933412,https://digitalcontent.api.tesco.com/v2/media/ghs/ca2f079c-6293-4ac8-b69b-5fea9c724f86/4d0271c7-2f5d-43db-9da0-6df656740813_291873962.jpeg?h=225&w=225
Donnelly Fresh Chicken And Stuffing Deli Filler 200G,€2.79,€2.00 Clubcard Price,€13.95/kg,https://www.tesco.ie/groceries/en-IE/products/315589748,https://digitalcontent.api.tesco.com/v2/media/ghs/54ef0574-ecac-4a62-94d7-80ca55f3feb7/a7d4aa95-4f3d-4898-9147-8348d75104e1_1192139247.jpeg?h=225&w=225
Tesco Chipotle Chilli Paste 95G,€1.60,,€16.84/kg,https://www.tesco.ie/groceries/en-IE/products/300808599,https://digitalcontent.api.tesco.com/v2/media/ghs/322de478-1f76-49c0-b37c-683dce075360/56f755b9-dc68-4f0f-a1df-1847142c194d_2139851144.jpeg?h=225&w=225
Tesco 4 Tex Mex Dips 428G,€3.00,,€7.01/kg,https://www.tesco.ie/groceries/en-IE/products/306655592,https://digitalcontent.api.tesco.com/v2/media/ghs/b032c506-20b8-4c01-b55d-d0bafb701ba4/c109727c-0254-4244-a946-d7fb15537e93_533614764.jpeg?h=225&w=225
Florette Crispy 90G,€1.29,€1.00 Clubcard Price,€14.33/kg,https://www.tesco.ie/groceries/en-IE/products/314421957,https://digitalcontent.api.tesco.com/v2/media/ghs/20cb5a69-c274-439c-9b41-be32f593ea45/a06cc6c5-9766-4634-aca3-47609c900008_355835144.jpeg?h=225&w=225
Growing Herbs Mint,€1.49,,€1.49/each,https://www.tesco.ie/groceries/en-IE/products/259103263,https://digitalcontent.api.tesco.com/v2/media/ghs/f2afd75f-4726-431f-8dca-8736f583b47e/snapshotimagehandler_312087561.jpeg?h=225&w=225
Just Add Chilli Puree,€1.49,,€0.17/each,https://www.tesco.ie/groceries/en-IE/products/303946840,https://digitalcontent.api.tesco.com/v2/media/ghs/79051833-8efe-446b-bd3d-6408706810f5/ec01d3a1-689d-4077-9d47-7e0fd8ab46f2_860330121.jpeg?h=225&w=225
Tesco Fresh Herbs Lemon Grass 50G,€0.99,,€33.00/kg,https://www.tesco.ie/groceries/en-IE/products/263161613,https://digitalcontent.api.tesco.com/v2/media/ghs/fbc67cb2-0ed5-4356-a97d-dbe1100b6be9/snapshotimagehandler_152092666.jpeg?h=225&w=225
Tesco Italian Style Mixed Leaf 80G,€0.99,,€12.38/kg,https://www.tesco.ie/groceries/en-IE/products/313856159,https://digitalcontent.api.tesco.com/v2/media/ghs/f91332be-3653-4b74-ba0e-65c2034a57f0/1eca1f4b-1d52-475a-9945-b0eef1f68db7_1945432502.jpeg?h=225&w=225
Just Add Basil Puree,€1.49,,€0.17/each,https://www.tesco.ie/groceries/en-IE/products/303946863,https://digitalcontent.api.tesco.com/v2/media/ghs/1e392cab-0e68-4c57-a2c2-d3e71de2a57a/snapshotimagehandler_563941670.jpeg?h=225&w=225
Good4u Lentil Sprout Mix 180G,€1.79,Any 2 for €3 Clubcard Price - Selected Tesco Salad 60g-180g,€9.94/kg,https://www.tesco.ie/groceries/en-IE/products/262138062,https://digitalcontent.api.tesco.com/v2/media/ghs/aa81a356-101e-40ae-9d0a-3dff3464105d/snapshotimagehandler_1177239528.jpeg?h=225&w=225
Tesco Pickled Vegetable Slaw 220G,€2.39,,€10.86/kg,https://www.tesco.ie/groceries/en-IE/products/306368684,https://digitalcontent.api.tesco.com/v2/media/ghs/b2176e5b-2909-48f0-aeb8-1747930375ed/snapshotimagehandler_561430816.jpeg?h=225&w=225
Total Organic Salad Organic T/Toes On The Vine 500G,€2.99,€2.79 Clubcard Price,€5.98/kg,https://www.tesco.ie/groceries/en-IE/products/308452609,https://digitalcontent.api.tesco.com/v2/media/ghs/6034417c-22a0-48f6-92db-aabe46167ede/snapshotimagehandler_1767450502.jpeg?h=225&w=225
Farm Select Extra Hot Mixed Chillies 65G,€1.39,,€21.38/kg,https://www.tesco.ie/groceries/en-IE/products/311424075,https://digitalcontent.api.tesco.com/v2/media/ghs/03733b74-7a5d-42c5-8e21-d43e195aa570/145dc27f-62c0-40ad-b618-26984698911a_975087428.jpeg?h=225&w=225
Tesco House Side Salad 130G,€2.50,,€19.23/kg,https://www.tesco.ie/groceries/en-IE/products/313951328,https://digitalcontent.api.tesco.com/v2/media/ghs/9c5c01d2-5333-4ad9-9d79-deccfda09160/1f7b72e8-2504-4200-b3ce-36b3f6d4904c_1895775534.jpeg?h=225&w=225
Country Kitchen Coleslaw& Potato Twin Pack 180G,€2.00,,€11.11/kg,https://www.tesco.ie/groceries/en-IE/products/295982802,https://digitalcontent.api.tesco.com/v2/media/ghs/3d5e5199-04d8-481e-ad9b-2f43ec4c95de/d70c0e64-136b-4e94-b309-0ef91e6eaaf3.jpeg?h=225&w=225
Tesco Fresh Herbs Flat Leaf 80G,€1.49,,€18.62/kg,https://www.tesco.ie/groceries/en-IE/products/263161291,https://digitalcontent.api.tesco.com/v2/media/ghs/f930b8f3-b312-4048-84cb-39c329d3fb13/snapshotimagehandler_757484312.jpeg?h=225&w=225
Tesco Aioli Dip 200G,€1.50,,€7.50/kg,https://www.tesco.ie/groceries/en-IE/products/296455884,https://digitalcontent.api.tesco.com/v2/media/ghs/f7e184f6-c4e9-415b-8fdc-72b0db98cf7b/6d518bc7-2bee-4961-a517-6f33d9898587.jpeg?h=225&w=225
Good4u Salad Topper Super Seeds 150G,€2.75,,€18.33/kg,https://www.tesco.ie/groceries/en-IE/products/306347980,https://digitalcontent.api.tesco.com/v2/media/ghs/9b0f1c39-50ea-4077-b974-5eceaff77872/snapshotimagehandler_1711923275.jpeg?h=225&w=225
Just Add Coriander Puree,€1.49,,€19.87/kg,https://www.tesco.ie/groceries/en-IE/products/303946886,https://digitalcontent.api.tesco.com/v2/media/ghs/6ac6d2f0-7d9b-4641-a1d7-7157fca1031a/snapshotimagehandler_943897529.jpeg?h=225&w=225
Just Add Lemongrass Puree,€1.49,,€0.17/each,https://www.tesco.ie/groceries/en-IE/products/303947136,https://digitalcontent.api.tesco.com/v2/media/ghs/13234bd8-ea09-4fbf-9e97-04a7550cfba9/f84e070f-2c1a-4e05-9184-a640783954d1_211696161.jpeg?h=225&w=225
Natures Best Caesar Dressing 165G,€2.49,,€15.09/kg DR.WT,https://www.tesco.ie/groceries/en-IE/products/309198724,https://digitalcontent.api.tesco.com/v2/media/ghs/7b393dc1-832c-400a-a5df-37b1df7f75d9/bc727962-ec28-45d8-9b7e-dc10f5b64196_872135646.jpeg?h=225&w=225
Total Organics Organic Pointed Peppers 2 Pack,€2.69,,€1.34/each,https://www.tesco.ie/groceries/en-IE/products/306801926,https://digitalcontent.api.tesco.com/v2/media/ghs/7a0bacc0-c099-4efb-933e-e198485a1469/snapshotimagehandler_991321716.jpeg?h=225&w=225
Total Organics Organic Vegetable Celery 300G,€2.05,,€6.83/kg,https://www.tesco.ie/groceries/en-IE/products/308465829,https://digitalcontent.api.tesco.com/v2/media/ghs/d61c95db-df75-48da-b1e1-b225f298eeba/snapshotimagehandler_1414576171.jpeg?h=225&w=225
Donnelly Fresh Taco Chicken Deli Filler 200G,€2.79,€2.00 Clubcard Price,€13.95/kg,https://www.tesco.ie/groceries/en-IE/products/315575799,https://digitalcontent.api.tesco.com/v2/media/ghs/0e9c7184-aab0-4a18-b9d1-287296d54eff/aa048995-e184-4488-8e43-46ba5bea6a54_1199256975.jpeg?h=225&w=225
Tesco Spinach And Kale Salad 50G,€0.99,,€19.80/kg,https://www.tesco.ie/groceries/en-IE/products/313517262,https://digitalcontent.api.tesco.com/v2/media/ghs/c2252047-7857-4c52-955c-d3a0b25225fe/37ede596-1788-475c-a507-04a015c5bf0b_1360987673.jpeg?h=225&w=225
Donnelly Fresh Leek And Cheese Deli Filler 200G,€2.79,€2.00 Clubcard Price,€13.95/kg,https://www.tesco.ie/groceries/en-IE/products/315586452,https://digitalcontent.api.tesco.com/v2/media/ghs/33755497-d5c2-49e5-b0b4-deabb1a4f0d8/3d02a963-853d-4cfa-9d4a-a8e7bc3ade05_1460738831.jpeg?h=225&w=225
Tesco Rainbow Side Salad 120G,€2.50,,€20.83/kg,https://www.tesco.ie/groceries/en-IE/products/313966207,https://digitalcontent.api.tesco.com/v2/media/ghs/6b956a10-7199-4ada-a980-1f4e599eaadc/c7365b60-c5ac-4721-9474-622f69cf248a_1973432447.jpeg?h=225&w=225
Tesco Tomato Herb Pasta,€3.29,,€8.22/kg,https://www.tesco.ie/groceries/en-IE/products/277644833,https://digitalcontent.api.tesco.com/v2/media/ghs/1290311c-a490-4f03-8141-e15f021147ba/snapshotimagehandler_1712346810.jpeg?h=225&w=225
Donnelly Fresh Chicken Korma Deli Filler 200G,€2.79,€2.00 Clubcard Price,€13.95/kg,https://www.tesco.ie/groceries/en-IE/products/315464838,https://digitalcontent.api.tesco.com/v2/media/ghs/b72bcd73-d7d5-4b23-a9fb-1a58c9ed56e3/5a9df29b-bac6-4f4e-96cd-121c623b1ba7_2003894099.jpeg?h=225&w=225
Tesco Bang Bang Coleslaw 250G,€2.39,,€9.56/kg,https://www.tesco.ie/groceries/en-IE/products/313970196,https://digitalcontent.api.tesco.com/v2/media/ghs/20b7375c-0812-43f5-a23d-921e2fed32b4/1df16c96-b92e-46fb-8226-6ed5882c48b5_1145037306.jpeg?h=225&w=225
Tesco Finest Vintage Cheddar Cheese Coleslaw 250G,€2.50,,€10.00/kg,https://www.tesco.ie/groceries/en-IE/products/314307215,https://digitalcontent.api.tesco.com/v2/media/ghs/a57593e7-b161-48cb-a84f-0eb120bca252/9071daa1-f9f7-4011-9ad8-f0ca1786cf4e_1637066048.jpeg?h=225&w=225
Tesco Onion And Garlic Dip 211G,€2.00,,€9.48/kg,https://www.tesco.ie/groceries/en-IE/products/272450350,https://digitalcontent.api.tesco.com/v2/media/ghs/3e6dcb1f-bf1d-4ddb-b681-f2aa3d0aac8d/17e8cac5-840d-4099-a9fc-cb9806018ed6_2072856527.jpeg?h=225&w=225
Good4u Salad Topper Garlic And Chilli 125G,€2.75,,€22.00/kg,https://www.tesco.ie/groceries/en-IE/products/306348028,https://digitalcontent.api.tesco.com/v2/media/ghs/4fc8b7f0-6f06-4737-ab2b-cc125db2ac0f/snapshotimagehandler_1712553594.jpeg?h=225&w=225
Tesco Avocado Caesar Salad Salad 160G,€4.00,,€25.00/kg,https://www.tesco.ie/groceries/en-IE/products/311440458,https://digitalcontent.api.tesco.com/v2/media/ghs/0af4b138-e157-4156-b00e-fff678037723/53cb936d-74da-4219-9d66-6585ea0573a3_1516720112.jpeg?h=225&w=225
Tesco Moroccan Inspired Salad And Houmous 250G,€3.69,Meal Deal for €4.49 - Buy Any 1 Pasta Or Wrap Or Sandwich Or Salad Or Sushi & 1 Crisp Or Fruit & 1 Drink,€14.76/kg,https://www.tesco.ie/groceries/en-IE/products/305952155,https://digitalcontent.api.tesco.com/v2/media/ghs/20375222-bd41-4dfd-b273-2a48f5252f42/c08ef348-48d2-4522-9ecb-cd4c22d58b97_1168141796.jpeg?h=225&w=225
Schwartz Juniper Berries 28G Jar,€3.05,,€108.93/kg,https://www.tesco.ie/groceries/en-IE/products/257511186,https://digitalcontent.api.tesco.com/v2/media/ghs/cc9d0ca6-d959-425e-a7ff-df4f85990157/531b886c-085a-4d9f-b8db-fc1839ba1965_699150340.jpeg?h=225&w=225
Schwartz Onion Salt 65G,€3.05,,€46.92/kg,https://www.tesco.ie/groceries/en-IE/products/254764121,https://digitalcontent.api.tesco.com/v2/media/ghs/706374ae-25ec-4216-883a-05faacf68577/80fe9c20-3eb1-4416-9757-c271a4ace374_107496252.jpeg?h=225&w=225
Tesco Finest Truffle & Pecorino Mayonnaise Dip 100G,€3.85,,€38.50/kg,https://www.tesco.ie/groceries/en-IE/products/314691069,https://digitalcontent.api.tesco.com/v2/media/ghs/a7a78f7f-dd63-4d02-bbc2-84ac8e339bd0/3c7505de-5b55-4885-b7b7-7e69434092c2.jpeg?h=225&w=225
Pestle And Mortar Classic Hummus 200G,€2.99,,€14.95/kg,https://www.tesco.ie/groceries/en-IE/products/312088292,https://digitalcontent.api.tesco.com/v2/media/ghs/b893aaa7-2641-4ab1-965d-1f0ece6b9057/ada2b5d1-c457-468c-868f-de92b71f4ad4_2109478030.jpeg?h=225&w=225
Tesco Pickled Slaw Salad 178G,€3.50,,€19.66/kg,https://www.tesco.ie/groceries/en-IE/products/313962753,https://digitalcontent.api.tesco.com/v2/media/ghs/ac959b0e-e46a-4530-9909-408215812205/71cc2e4a-a247-43ef-b67a-2dd6711c1139_145775642.jpeg?h=225&w=225
Tesco Caesar Slaw 250G,€2.39,,€9.56/kg,https://www.tesco.ie/groceries/en-IE/products/313849928,https://digitalcontent.api.tesco.com/v2/media/ghs/c1c8ff98-74e6-4d8d-a620-b9e901a7fab8/4a4399d1-9318-4050-8b3a-3623990c6fb6_291849037.jpeg?h=225&w=225
Tesco Feta & Pomegranate Salad 225G,€4.99,,€22.18/kg,https://www.tesco.ie/groceries/en-IE/products/313957126,https://digitalcontent.api.tesco.com/v2/media/ghs/6e4fac84-bafc-4d2c-a984-50caf7761863/6796365a-a100-4ab2-9884-6e7f9302382c_589089036.jpeg?h=225&w=225
Pestle Plus Mortar Caramelised Onion Houmous 200G,€2.99,,€14.95/kg,https://www.tesco.ie/groceries/en-IE/products/312354991,https://digitalcontent.api.tesco.com/v2/media/ghs/69924605-fa63-40d0-879b-cc230a773d7e/0a8e3274-e585-4fbb-b9c1-ea9355afa7b2_1836084377.jpeg?h=225&w=225
Tesco Southwest Style Chipotle Dressing 170G,€2.00,,€11.76/kg,https://www.tesco.ie/groceries/en-IE/products/313836546,https://digitalcontent.api.tesco.com/v2/media/ghs/84dbc8d6-384e-403d-a3f9-7a5d42a66f1b/3393e057-fd30-4fa5-84ef-8de0c614f257_684922710.jpeg?h=225&w=225
Tesco Chicken And Bacon Caesar Salad 187G,Currently out of stock,,,https://www.tesco.ie/groceries/en-IE/products/283273030,https://digitalcontent.api.tesco.com/v2/media/ghs/ad060dd6-37bc-424d-80d6-cd3d58e389f3/snapshotimagehandler_1303949689.jpeg?h=225&w=225
