Title,Price,Promotional Price,Price Per,Product URL,Image URL
The Galway Kitchen Classic Houmous 200G,€1.00,,€5.00/kg,https://www.tesco.ie/groceries/en-IE/products/311202482,https://digitalcontent.api.tesco.com/v2/media/ghs/c807b3fb-b355-4858-a865-02700438553a/b6d13143-49c9-46b6-90e8-9b27e962334b_941530602.jpeg?h=225&w=225
Tesco Houmous Red Pepper 182G,€1.50,,€8.24/kg,https://www.tesco.ie/groceries/en-IE/products/296233369,https://digitalcontent.api.tesco.com/v2/media/ghs/5a74c3ae-371c-4a8d-a5ce-61737258d215/6458de57-bd6b-4fc1-b057-ff465f849943.jpeg?h=225&w=225
Eastman's Houmous 200G,€0.85,,€4.25/kg,https://www.tesco.ie/groceries/en-IE/products/310177161,https://digitalcontent.api.tesco.com/v2/media/ghs/3ee0a492-a74a-4491-addc-4cc857ac9e5a/46a5d9ea-27ef-425a-8e56-daaa3f056b46.jpeg?h=225&w=225
Tesco.Reduced Fat Houmous 200G (C),€1.07,,€5.35/kg,https://www.tesco.ie/groceries/en-IE/products/267593084,https://digitalcontent.api.tesco.com/v2/media/ghs/576d5bb4-0d4b-49da-8df4-a1161f196e90/a0ec70db-cc52-4311-acdb-2eb6211a68c4.jpeg?h=225&w=225
Tesco Caramelised Onion Houmous 182G,€1.35,,€7.42/kg,https://www.tesco.ie/groceries/en-IE/products/281543273,https://digitalcontent.api.tesco.com/v2/media/ghs/5d5963fa-073d-47ef-a9c4-b29a7d6ec2a7/snapshotimagehandler_1766608882.jpeg?h=225&w=225
Eastman's Reduced Fat Houmous 200G,€0.85,,€4.25/kg,https://www.tesco.ie/groceries/en-IE/products/310109168,https://digitalcontent.api.tesco.com/v2/media/ghs/614daa77-9f8e-4820-b7fd-e24f122630d3/3082cf7d-e40a-4ef2-8f04-a2b361e884d8.jpeg?h=225&w=225
Tesco Smashed Avocado With Lime - 200G,€2.49,,€12.45/kg,https://www.tesco.ie/groceries/en-IE/products/305942933,https://digitalcontent.api.tesco.com/v2/media/ghs/4fe57a26-cf21-4301-a2ce-b0b2b8d27c1b/e1cce225-b66f-4fc6-be8c-76db1338c417.jpeg?h=225&w=225
Tesco Guacamole Dip 163G,€2.00,,€12.27/kg,https://www.tesco.ie/groceries/en-IE/products/272440431,https://digitalcontent.api.tesco.com/v2/media/ghs/5cec8c06-34e5-4582-956c-6bf4e4914bb0/d1c6d363-3bb0-4b76-a2ae-e5add71475b4.jpeg?h=225&w=225
Tesco Express Houmous 211G,€1.00,,€4.74/kg,https://www.tesco.ie/groceries/en-IE/products/272438740,https://digitalcontent.api.tesco.com/v2/media/ghs-mktg/b0b04216-fa73-466d-a9d7-c9fcfa1ce9b3/no-image.jpeg
Tesco Sour Cream & Chive Dip 200G,€2.00,,€10.00/kg,https://www.tesco.ie/groceries/en-IE/products/260249776,https://digitalcontent.api.tesco.com/v2/media/ghs/6168fb3f-1238-4fec-8fee-66269c7560a7/e2f69016-7cc4-4703-ae54-3209e615b8db.jpeg?h=225&w=225
The Galway Kitchen Organic Houmous 200G,€1.89,,€9.45/kg,https://www.tesco.ie/groceries/en-IE/products/311948561,https://digitalcontent.api.tesco.com/v2/media/ghs/05d859e0-76ad-443e-99c5-6f09f3c0847d/aebe51bf-4fdc-4553-ad6b-9c485ca5907e_1526770999.jpeg?h=225&w=225
The Galway Kitchen Sweet Chilli Houmous 182G,€1.50,,€8.24/kg,https://www.tesco.ie/groceries/en-IE/products/311938043,https://digitalcontent.api.tesco.com/v2/media/ghs/5aba047c-fb9e-4e13-9526-4735e8472a0c/45a5f289-e896-4623-aaa1-89c6f4b1637e_1899998094.jpeg?h=225&w=225
Tesco Finest Moroccan Inspired Houmous 170G,€2.50,,€14.71/kg,https://www.tesco.ie/groceries/en-IE/products/299911081,https://digitalcontent.api.tesco.com/v2/media/ghs/8b6f9a1a-ba25-4126-a963-2448e7b2af68/93a9bd70-ec8e-4f8b-a263-c0fd54cbc279.jpeg?h=225&w=225
The Galway Kitchen Reduced Fat Houmous 200G,€1.00,,€5.00/kg,https://www.tesco.ie/groceries/en-IE/products/311793420,https://digitalcontent.api.tesco.com/v2/media/ghs/d26973cd-1a55-420b-b759-584bb6bf3485/a42997dc-f1a5-4797-b2e2-c75d664a510a_1757617234.jpeg?h=225&w=225
Tesco Salsa 200G,€2.00,,€10.00/kg,https://www.tesco.ie/groceries/en-IE/products/300257905,https://digitalcontent.api.tesco.com/v2/media/ghs/de2f60a5-4cf9-46b5-8252-6d22a27a41bd/8c935c2b-810d-4550-b9f5-e4205efa8cee_399618003.jpeg?h=225&w=225
Tesco Smashed Avocado With Chilli - 200G,€2.49,,€12.45/kg,https://www.tesco.ie/groceries/en-IE/products/305988660,https://digitalcontent.api.tesco.com/v2/media/ghs/6a7c62c3-fed8-4f25-9170-09faf5b45e5f/9bf41802-5cbe-43db-92eb-37f9ae68dd8c.jpeg?h=225&w=225
Tesco Sweet Chilli Houmous 182G,€1.59,,€8.74/kg,https://www.tesco.ie/groceries/en-IE/products/280711548,https://digitalcontent.api.tesco.com/v2/media/ghs/d19be6c0-fd9e-4d78-8487-041b8c1a71c5/snapshotimagehandler_331524798.jpeg?h=225&w=225
Tesco 4 Tex Mex Dips 428G,€3.00,,€7.01/kg,https://www.tesco.ie/groceries/en-IE/products/306655592,https://digitalcontent.api.tesco.com/v2/media/ghs/b032c506-20b8-4c01-b55d-d0bafb701ba4/c109727c-0254-4244-a946-d7fb15537e93_533614764.jpeg?h=225&w=225
Tesco Aioli Dip 200G,€1.50,,€7.50/kg,https://www.tesco.ie/groceries/en-IE/products/296455884,https://digitalcontent.api.tesco.com/v2/media/ghs/f7e184f6-c4e9-415b-8fdc-72b0db98cf7b/6d518bc7-2bee-4961-a517-6f33d9898587.jpeg?h=225&w=225
Tesco Onion And Garlic Dip 211G,€2.00,,€9.48/kg,https://www.tesco.ie/groceries/en-IE/products/272450350,https://digitalcontent.api.tesco.com/v2/media/ghs/3e6dcb1f-bf1d-4ddb-b681-f2aa3d0aac8d/17e8cac5-840d-4099-a9fc-cb9806018ed6_2072856527.jpeg?h=225&w=225
Tesco Finest Truffle & Pecorino Mayonnaise Dip 100G,€3.85,,€38.50/kg,https://www.tesco.ie/groceries/en-IE/products/314691069,https://digitalcontent.api.tesco.com/v2/media/ghs/a7a78f7f-dd63-4d02-bbc2-84ac8e339bd0/3c7505de-5b55-4885-b7b7-7e69434092c2.jpeg?h=225&w=225
Pestle And Mortar Classic Hummus 200G,€2.99,,€14.95/kg,https://www.tesco.ie/groceries/en-IE/products/312088292,https://digitalcontent.api.tesco.com/v2/media/ghs/b893aaa7-2641-4ab1-965d-1f0ece6b9057/ada2b5d1-c457-468c-868f-de92b71f4ad4_2109478030.jpeg?h=225&w=225
Pestle Plus Mortar Caramelised Onion Houmous 200G,€2.99,,€14.95/kg,https://www.tesco.ie/groceries/en-IE/products/312354991,https://digitalcontent.api.tesco.com/v2/media/ghs/69924605-fa63-40d0-879b-cc230a773d7e/0a8e3274-e585-4fbb-b9c1-ea9355afa7b2_1836084377.jpeg?h=225&w=225
