Title,Price,Promotional Price,Price Per,Product URL,Image URL
Tesco Wild Rocket 110G,€1.39,,€12.64/kg,https://www.tesco.ie/groceries/en-IE/products/268904154,https://digitalcontent.api.tesco.com/v2/media/ghs/217d0af1-9b98-4d45-a3ad-6ad4b83b0ece/59dbaeba-de26-4380-bbb3-dce4da346fa0_1360374477.jpeg?h=225&w=225
Tesco Spinach 90G,€0.99,,€11.00/kg,https://www.tesco.ie/groceries/en-IE/products/292843080,https://digitalcontent.api.tesco.com/v2/media/ghs/7349b9f5-7592-4b37-96b0-26b165ccd842/snapshotimagehandler_1826627359.jpeg?h=225&w=225
Tesco Sandwich Iceberg Lettuce,€1.49,,€1.49/each,https://www.tesco.ie/groceries/en-IE/products/310144131,https://digitalcontent.api.tesco.com/v2/media/ghs/4c5f7367-f12c-432d-ac38-d3f1e4a0636d/85038b25-4e5b-4473-bc12-e4a3fc7a4b93_850848771.jpeg?h=225&w=225
Tesco Italian Mix Salad 170G,€0.99,,€5.82/kg,https://www.tesco.ie/groceries/en-IE/products/292843212,https://digitalcontent.api.tesco.com/v2/media/ghs/3c0f034c-d06c-4517-a12f-e9f63df757ad/snapshotimagehandler_784194398.jpeg?h=225&w=225
Tesco Creamy Caesar Salad Kit 240G,€1.69,,€7.04/kg,https://www.tesco.ie/groceries/en-IE/products/273571026,https://digitalcontent.api.tesco.com/v2/media/ghs/a1e54f60-a152-4bbb-879b-0773ca7f29d9/snapshotimagehandler_162897249.jpeg?h=225&w=225
Tesco Mild Spinach 200G,€1.39,,€6.95/kg,https://www.tesco.ie/groceries/en-IE/products/288698406,https://digitalcontent.api.tesco.com/v2/media/ghs/3f4ba35b-04e5-4b91-8bcc-001ecfd9a9b3/40249ab3-4779-4633-b787-202a01acac00_1955435065.jpeg?h=225&w=225
Florette Bistro Salad 130G,€1.69,,€13.00/kg,https://www.tesco.ie/groceries/en-IE/products/267051109,https://digitalcontent.api.tesco.com/v2/media/ghs/ec120cc3-d5e9-4c50-aa4f-7559078944f1/ccc64603-1943-4e31-a776-f9b85e0ca6ab_1973602575.jpeg?h=225&w=225
Florette Lambs Lettuce And Ruby Chard-Duos 70G,€1.89,,€27.00/kg,https://www.tesco.ie/groceries/en-IE/products/268450236,https://digitalcontent.api.tesco.com/v2/media/ghs/3a27ed0f-f0b6-4ea0-b9f3-e0f6e60e63f3/7e8090bf-4238-4c72-a68f-f1a506dbdc38_2077701488.jpeg?h=225&w=225
Tesco Babyleaf Rocket Salad 100G,€2.49,,€24.90/kg,https://www.tesco.ie/groceries/en-IE/products/278433424,https://digitalcontent.api.tesco.com/v2/media/ghs/1b7d79f5-0479-452d-b2ef-019577223480/1727fda4-fea6-4e55-92b4-938748cc5529_1105182357.jpeg?h=225&w=225
Tesco Spinach And Rocket Salad 50G,€0.99,,€19.80/kg,https://www.tesco.ie/groceries/en-IE/products/313962010,https://digitalcontent.api.tesco.com/v2/media/ghs/41319a00-416f-4364-b898-1fa63524ab0f/49b39bcb-a2d7-4b8e-837f-469363b91a7d_51523267.jpeg?h=225&w=225
Fresh & Naked Spinach 125G,€0.99,,€7.92/kg,https://www.tesco.ie/groceries/en-IE/products/272107544,https://digitalcontent.api.tesco.com/v2/media/ghs/9c06e98c-dbca-4ff4-a393-d242c0fdf002/1cb00abb-fb9d-49d9-b222-db33581af35a.jpeg?h=225&w=225
Tesco Seasonal Baby Leaf 100G,€1.25,,€12.50/kg,https://www.tesco.ie/groceries/en-IE/products/278433563,https://digitalcontent.api.tesco.com/v2/media/ghs/7fbbd122-8aca-4363-9ae1-22b64a025215/snapshotimagehandler_767170951.jpeg?h=225&w=225
Tesco Classic Italian Style Side Salad 150G,€2.50,,€16.67/kg,https://www.tesco.ie/groceries/en-IE/products/311261629,https://digitalcontent.api.tesco.com/v2/media/ghs/afd1cf2b-9fac-4cdc-a40c-3ad3c9ffbe4f/39b162ef-79f7-4695-a917-a99dd5bc95b3_1616968450.jpeg?h=225&w=225
Tesco Large Caesar Salad Bowl 270G,€3.60,,€13.33/kg,https://www.tesco.ie/groceries/en-IE/products/306370611,https://digitalcontent.api.tesco.com/v2/media/ghs/10ab21d5-6329-4a6f-ac16-7d99914d1c13/snapshotimagehandler_2007116171.jpeg?h=225&w=225
Mccormack Family Farms Rocket Leaves 75G,€1.19,,€15.87/kg,https://www.tesco.ie/groceries/en-IE/products/313969694,https://digitalcontent.api.tesco.com/v2/media/ghs/06b8a4bf-6d42-4954-b2ea-8174d7a4fedb/3d6739d4-f34e-46ba-82ea-1b11fcc9dba4_1041824937.jpeg?h=225&w=225
Good4u Super Sprouts 60G,€1.79,Any 2 for €3 Clubcard Price - Selected Tesco Salad 60g-180g,€29.83/kg,https://www.tesco.ie/groceries/en-IE/products/274157683,https://digitalcontent.api.tesco.com/v2/media/ghs/acca526b-6a4a-43e1-8b0c-b01f35fc4a99/snapshotimagehandler_621963420.jpeg?h=225&w=225
Mccormack Family Farms Mixed Leaves 75G,€1.19,,€15.87/kg,https://www.tesco.ie/groceries/en-IE/products/315160117,https://digitalcontent.api.tesco.com/v2/media/ghs/fb348758-0a64-4891-94cd-e7a12e538751/8c219e9c-d886-4cf3-80bb-ab1639cce8e5_1818771149.jpeg?h=225&w=225
Florette Baby Leaf 100G,€1.99,,€19.90/kg,https://www.tesco.ie/groceries/en-IE/products/273752256,https://digitalcontent.api.tesco.com/v2/media/ghs/03d3ec60-07ad-407c-ba40-36fdc76795f3/bd1954bf-4e5a-4ae3-b8bc-050643297c3a_982133272.jpeg?h=225&w=225
Mccormack Family Farms Lambs Lettuce 75G,€1.19,,€15.87/kg,https://www.tesco.ie/groceries/en-IE/products/314933412,https://digitalcontent.api.tesco.com/v2/media/ghs/ca2f079c-6293-4ac8-b69b-5fea9c724f86/4d0271c7-2f5d-43db-9da0-6df656740813_291873962.jpeg?h=225&w=225
Florette Crispy 90G,€1.29,€1.00 Clubcard Price,€14.33/kg,https://www.tesco.ie/groceries/en-IE/products/314421957,https://digitalcontent.api.tesco.com/v2/media/ghs/20cb5a69-c274-439c-9b41-be32f593ea45/a06cc6c5-9766-4634-aca3-47609c900008_355835144.jpeg?h=225&w=225
Tesco Italian Style Mixed Leaf 80G,€0.99,,€12.38/kg,https://www.tesco.ie/groceries/en-IE/products/313856159,https://digitalcontent.api.tesco.com/v2/media/ghs/f91332be-3653-4b74-ba0e-65c2034a57f0/1eca1f4b-1d52-475a-9945-b0eef1f68db7_1945432502.jpeg?h=225&w=225
Good4u Lentil Sprout Mix 180G,€1.79,Any 2 for €3 Clubcard Price - Selected Tesco Salad 60g-180g,€9.94/kg,https://www.tesco.ie/groceries/en-IE/products/262138062,https://digitalcontent.api.tesco.com/v2/media/ghs/aa81a356-101e-40ae-9d0a-3dff3464105d/snapshotimagehandler_1177239528.jpeg?h=225&w=225
Tesco House Side Salad 130G,€2.50,,€19.23/kg,https://www.tesco.ie/groceries/en-IE/products/313951328,https://digitalcontent.api.tesco.com/v2/media/ghs/9c5c01d2-5333-4ad9-9d79-deccfda09160/1f7b72e8-2504-4200-b3ce-36b3f6d4904c_1895775534.jpeg?h=225&w=225
Good4u Salad Topper Super Seeds 150G,€2.75,,€18.33/kg,https://www.tesco.ie/groceries/en-IE/products/306347980,https://digitalcontent.api.tesco.com/v2/media/ghs/9b0f1c39-50ea-4077-b974-5eceaff77872/snapshotimagehandler_1711923275.jpeg?h=225&w=225
Natures Best Caesar Dressing 165G,€2.49,,€15.09/kg DR.WT,https://www.tesco.ie/groceries/en-IE/products/309198724,https://digitalcontent.api.tesco.com/v2/media/ghs/7b393dc1-832c-400a-a5df-37b1df7f75d9/bc727962-ec28-45d8-9b7e-dc10f5b64196_872135646.jpeg?h=225&w=225
Tesco Spinach And Kale Salad 50G,€0.99,,€19.80/kg,https://www.tesco.ie/groceries/en-IE/products/313517262,https://digitalcontent.api.tesco.com/v2/media/ghs/c2252047-7857-4c52-955c-d3a0b25225fe/37ede596-1788-475c-a507-04a015c5bf0b_1360987673.jpeg?h=225&w=225
Tesco Rainbow Side Salad 120G,€2.50,,€20.83/kg,https://www.tesco.ie/groceries/en-IE/products/313966207,https://digitalcontent.api.tesco.com/v2/media/ghs/6b956a10-7199-4ada-a980-1f4e599eaadc/c7365b60-c5ac-4721-9474-622f69cf248a_1973432447.jpeg?h=225&w=225
Good4u Salad Topper Garlic And Chilli 125G,€2.75,,€22.00/kg,https://www.tesco.ie/groceries/en-IE/products/306348028,https://digitalcontent.api.tesco.com/v2/media/ghs/4fc8b7f0-6f06-4737-ab2b-cc125db2ac0f/snapshotimagehandler_1712553594.jpeg?h=225&w=225
Tesco Avocado Caesar Salad Salad 160G,€4.00,,€25.00/kg,https://www.tesco.ie/groceries/en-IE/products/311440458,https://digitalcontent.api.tesco.com/v2/media/ghs/0af4b138-e157-4156-b00e-fff678037723/53cb936d-74da-4219-9d66-6585ea0573a3_1516720112.jpeg?h=225&w=225
Tesco Moroccan Inspired Salad And Houmous 250G,€3.69,Meal Deal for €4.49 - Buy Any 1 Pasta Or Wrap Or Sandwich Or Salad Or Sushi & 1 Crisp Or Fruit & 1 Drink,€14.76/kg,https://www.tesco.ie/groceries/en-IE/products/305952155,https://digitalcontent.api.tesco.com/v2/media/ghs/20375222-bd41-4dfd-b273-2a48f5252f42/c08ef348-48d2-4522-9ecb-cd4c22d58b97_1168141796.jpeg?h=225&w=225
Tesco Pickled Slaw Salad 178G,€3.50,,€19.66/kg,https://www.tesco.ie/groceries/en-IE/products/313962753,https://digitalcontent.api.tesco.com/v2/media/ghs/ac959b0e-e46a-4530-9909-408215812205/71cc2e4a-a247-43ef-b67a-2dd6711c1139_145775642.jpeg?h=225&w=225
Tesco Feta & Pomegranate Salad 225G,€4.99,,€22.18/kg,https://www.tesco.ie/groceries/en-IE/products/313957126,https://digitalcontent.api.tesco.com/v2/media/ghs/6e4fac84-bafc-4d2c-a984-50caf7761863/6796365a-a100-4ab2-9884-6e7f9302382c_589089036.jpeg?h=225&w=225
Tesco Southwest Style Chipotle Dressing 170G,€2.00,,€11.76/kg,https://www.tesco.ie/groceries/en-IE/products/313836546,https://digitalcontent.api.tesco.com/v2/media/ghs/84dbc8d6-384e-403d-a3f9-7a5d42a66f1b/3393e057-fd30-4fa5-84ef-8de0c614f257_684922710.jpeg?h=225&w=225
Tesco Chicken And Bacon Caesar Salad 187G,Currently out of stock,,,https://www.tesco.ie/groceries/en-IE/products/283273030,https://digitalcontent.api.tesco.com/v2/media/ghs/ad060dd6-37bc-424d-80d6-cd3d58e389f3/snapshotimagehandler_1303949689.jpeg?h=225&w=225
