Title,Price,Promotional Price,Price Per,Product URL,Image URL
Brennans Sliced Pan White 800G,€1.99,,€2.49/kg,https://www.tesco.ie/groceries/en-IE/products/250330059,https://digitalcontent.api.tesco.com/v2/media/ghs/eac6018f-787a-45a5-b5a5-5e452924a92f/fc3184a6-c2ae-43d4-99a2-497bb8cdc542.jpeg?h=225&w=225
Tesco Family White Sliced Pan 800G,€0.89,,€1.11/kg,https://www.tesco.ie/groceries/en-IE/products/309773245,https://digitalcontent.api.tesco.com/v2/media/ghs/82b9cbc3-03b2-42c1-a7ca-7049730b6aea/5189acaa-eac4-4ea3-8190-4910aa250095_1086957210.jpeg?h=225&w=225
H.W Nevills 8 Plain Tortilla Wraps,€1.19,,€0.15/each,https://www.tesco.ie/groceries/en-IE/products/304416929,https://digitalcontent.api.tesco.com/v2/media/ghs/4f58f628-0950-40fe-97e8-04edce7087c2/1022880d-76a2-4a86-a35e-88734ea33f4c_366174797.jpeg?h=225&w=225
Fitzgerald 5 Plain Bagels 425G,€2.20,,€5.18/kg,https://www.tesco.ie/groceries/en-IE/products/268947327,https://digitalcontent.api.tesco.com/v2/media/ghs/febb2c89-1f88-40bc-a6b6-20b104ac7d63/snapshotimagehandler_1931833223.jpeg?h=225&w=225
Mccambridges Stoneground Wheat 500G,€2.19,,€4.38/kg,https://www.tesco.ie/groceries/en-IE/products/250834834,https://digitalcontent.api.tesco.com/v2/media/ghs/7cb97931-3f80-4241-b038-102da47c085b/8d670a53-7b84-4a68-9a54-5882f537ed59_1749191481.jpeg?h=225&w=225
Brennans Wholegrain Sliced Bread 800G,€1.99,,€2.49/kg,https://www.tesco.ie/groceries/en-IE/products/250847744,https://digitalcontent.api.tesco.com/v2/media/ghs/70fb106b-1640-4433-81ce-ce8abaf80ee8/snapshotimagehandler_281560321.jpeg?h=225&w=225
Tesco Brown Soda Bread Square 500G,€0.89,,€1.78/kg,https://www.tesco.ie/groceries/en-IE/products/303544117,https://digitalcontent.api.tesco.com/v2/media/ghs/e20c0842-9e2a-4a04-969c-20245983feb8/snapshotimagehandler_1894733677.jpeg?h=225&w=225
Brennans Be Good Wholemeal Bread 600G,€2.03,,€3.38/kg,https://www.tesco.ie/groceries/en-IE/products/283506637,https://digitalcontent.api.tesco.com/v2/media/ghs/17ff2219-e9b9-4ea5-992d-c36c9e2623ec/9f5d3b45-8503-4d83-b6cf-165b760145fe.jpeg?h=225&w=225
Tesco Plain Burger Bun 6 Pack,€0.99,,€0.16/each,https://www.tesco.ie/groceries/en-IE/products/301324979,https://digitalcontent.api.tesco.com/v2/media/ghs/27d135f9-e0fc-41f2-bea1-dc999cef1a88/snapshotimagehandler_1098459098.jpeg?h=225&w=225
H.W. Nevill's Part Baked Baguette 2 Pack,€0.99,,€0.50/each,https://www.tesco.ie/groceries/en-IE/products/299668276,https://digitalcontent.api.tesco.com/v2/media/ghs/1583b123-ead8-49d0-b43c-e21b30a141c8/15b9d98d-a021-4f15-b9dc-5a37cf648589.jpeg?h=225&w=225
Tesco Seeded Burger Bun 6 Pack,€0.99,,€0.16/each,https://www.tesco.ie/groceries/en-IE/products/301325000,https://digitalcontent.api.tesco.com/v2/media/ghs/30586711-928a-4415-b6a1-e82d78c22b45/snapshotimagehandler_1455732549.jpeg?h=225&w=225
Jmob Toastie White 800G,€1.99,€1.69 Clubcard Price,€2.49/kg,https://www.tesco.ie/groceries/en-IE/products/250795418,https://digitalcontent.api.tesco.com/v2/media/ghs/4716b3d7-2b07-4028-9cda-b30e71ea84b3/snapshotimagehandler_212964146.jpeg?h=225&w=225
Tesco 8 Mini White Tortilla Wraps,€0.95,,€0.12/each,https://www.tesco.ie/groceries/en-IE/products/303350415,https://digitalcontent.api.tesco.com/v2/media/ghs/3db22ffa-8d9f-4fb4-9014-2bf760568e90/5b81efca-31d1-43ad-9d75-27239fd6c448.jpeg?h=225&w=225
Fitzgeralds 5 Sesame Bagels 425G,€2.22,,€5.22/kg,https://www.tesco.ie/groceries/en-IE/products/268947333,https://digitalcontent.api.tesco.com/v2/media/ghs/a5396899-acaa-4e50-83f5-c335152387c6/snapshotimagehandler_274374657.jpeg?h=225&w=225
Jmob 800G Goodness Of Both,€1.99,,€2.49/kg,https://www.tesco.ie/groceries/en-IE/products/259759235,https://digitalcontent.api.tesco.com/v2/media/ghs/aa752b43-cf5c-4dcf-937c-2390c85b646d/snapshotimagehandler_1618269488.jpeg?h=225&w=225
Hovis Granary Original Medium Sliced Bread 800G,€2.20,€1.75 Clubcard Price,€2.75/kg,https://www.tesco.ie/groceries/en-IE/products/256403483,https://digitalcontent.api.tesco.com/v2/media/ghs/eecda3c8-0e98-4621-bca2-df34a8f2174e/d04c53f3-36ab-4c56-9415-c99feb83453f.jpeg?h=225&w=225
Fitzgeralds 6 Kids Wraps Plus 2 Free 320G,€2.09,,€6.53/kg,https://www.tesco.ie/groceries/en-IE/products/268556716,https://digitalcontent.api.tesco.com/v2/media/ghs/26a2a6f5-f714-47e4-9714-dda3526b5760/snapshotimagehandler_887768184.jpeg?h=225&w=225
Tesco Toaster White Thick Sliced 800G,€1.09,,€1.36/kg,https://www.tesco.ie/groceries/en-IE/products/309764249,https://digitalcontent.api.tesco.com/v2/media/ghs/3abc636e-5809-4b12-8ef2-6dd3aac827e4/cb2af495-e9c7-4f05-b3f9-7ba7bb791548_535933934.jpeg?h=225&w=225
Tesco Family Hot Dog Rolls 6 Pack,€0.99,,€0.16/each,https://www.tesco.ie/groceries/en-IE/products/268849363,https://digitalcontent.api.tesco.com/v2/media/ghs/085d7f19-b2c3-4e86-b042-59dfe5beeeb5/snapshotimagehandler_1256904400.jpeg?h=225&w=225
Tesco Family Brown Sliced Pan 800G,€0.99,,€1.24/kg,https://www.tesco.ie/groceries/en-IE/products/309746589,https://digitalcontent.api.tesco.com/v2/media/ghs/8e04e433-6ce4-47f4-8aac-b3f81c5808fa/53b45e13-5fd5-4ea0-8556-e408209b846b_1364703110.jpeg?h=225&w=225
Tesco Bake At Home Petit Pain 6 Pack,€2.05,,€6.83/kg,https://www.tesco.ie/groceries/en-IE/products/290239349,https://digitalcontent.api.tesco.com/v2/media/ghs/eaa4eaed-f039-451a-8e15-2b1107e63133/5ca1c257-e389-47e9-a83d-a18c87a7ea14.jpeg?h=225&w=225
Irish Pride Sandwich Pan White 800G,€1.99,,€2.49/kg,https://www.tesco.ie/groceries/en-IE/products/250800391,https://digitalcontent.api.tesco.com/v2/media/ghs/7395b234-b369-4f98-8b85-1920933595aa/snapshotimagehandler_2095551844.jpeg?h=225&w=225
Tesco Wholemeal Pitta Bread 6 Pack,€0.89,,€0.15/each,https://www.tesco.ie/groceries/en-IE/products/254945610,https://digitalcontent.api.tesco.com/v2/media/ghs/7a31c704-bbf1-4546-b51e-4f4f75c9a1ec/2059a949-687f-4271-8fca-ffd24b09aea4.jpeg?h=225&w=225
Tesco 8 Plain Tortilla Wraps,€1.99,,€0.25/each,https://www.tesco.ie/groceries/en-IE/products/303350352,https://digitalcontent.api.tesco.com/v2/media/ghs/136a5bb3-8efe-4a85-8b20-26afa5d65763/1f8af822-6717-4051-af05-5a5f59e98f21.jpeg?h=225&w=225
Hovis Original 7 Seeds Bread 800G,€2.45,€1.75 Clubcard Price,€3.06/kg,https://www.tesco.ie/groceries/en-IE/products/274811214,https://digitalcontent.api.tesco.com/v2/media/ghs/95b26a9e-0987-4b7c-9d95-53c88d2e6c1d/5932d3ac-ca52-43a8-ab56-1b6db7f5a0ef.jpeg?h=225&w=225
Tesco White Pitta Bread 6 Pack,€0.89,,€0.15/each,https://www.tesco.ie/groceries/en-IE/products/254945564,https://digitalcontent.api.tesco.com/v2/media/ghs/2cb9a7cd-0b6a-4fe0-b0b9-6b03ec81bb87/cd6d2ec2-3002-4cbd-992f-b46cf61a2558.jpeg?h=225&w=225
Tesco White Soft Grain Sub Rolls 4 Pack,€0.80,,€0.20/each,https://www.tesco.ie/groceries/en-IE/products/283629561,https://digitalcontent.api.tesco.com/v2/media/ghs/436f7652-0d99-45b3-b669-84576f7af745/snapshotimagehandler_188074704.jpeg?h=225&w=225
Fitzgeralds 5 Cinnamon And Raisin Bagels,€2.22,,€5.22/kg,https://www.tesco.ie/groceries/en-IE/products/268947448,https://digitalcontent.api.tesco.com/v2/media/ghs/ee30476e-8512-4420-af15-9d62fae786dd/snapshotimagehandler_101375072.jpeg?h=225&w=225
Fitzgeralds 6 M/Seed And Cereal Bagel Slims 273G,€2.29,€1.75 Clubcard Price,€8.39/kg,https://www.tesco.ie/groceries/en-IE/products/280172540,https://digitalcontent.api.tesco.com/v2/media/ghs/1167765e-e6d1-41ce-b4c6-43ebe4038f6a/snapshotimagehandler_1481405673.jpeg?h=225&w=225
Fitzgeralds 6 Plain Bagel Slims 288G,€2.24,€1.75 Clubcard Price,€7.78/kg,https://www.tesco.ie/groceries/en-IE/products/278006919,https://digitalcontent.api.tesco.com/v2/media/ghs/51f668bd-7106-4f2b-998c-b08dff56093e/snapshotimagehandler_227880984.jpeg?h=225&w=225
Fitzgeralds Wholemeal Bagels,€2.22,,€5.22/kg,https://www.tesco.ie/groceries/en-IE/products/268947419,https://digitalcontent.api.tesco.com/v2/media/ghs/11344302-1a23-4ac5-838c-6818f5c90353/snapshotimagehandler_1730700572.jpeg?h=225&w=225
Tesco Sourdough Loaf 600G,€1.29,,€2.15/kg,https://www.tesco.ie/groceries/en-IE/products/293332907,https://digitalcontent.api.tesco.com/v2/media/ghs/514bf458-0edf-4ee8-9c50-e16dde3230c4/snapshotimagehandler_195766128.jpeg?h=225&w=225
Tesco Everyday Value Brown Soda Round 454G,€0.75,,€1.65/kg,https://www.tesco.ie/groceries/en-IE/products/273423082,https://digitalcontent.api.tesco.com/v2/media/ghs/c7649683-fdc9-4f47-b934-6da639558d8e/snapshotimagehandler_415853586.jpeg?h=225&w=225
Brennans Half Pan Premium White 400G,€1.60,,€4.00/kg,https://www.tesco.ie/groceries/en-IE/products/255175943,https://digitalcontent.api.tesco.com/v2/media/ghs/b96407af-e68d-486f-91fe-b90745a55559/3be389f4-2567-4e7b-83f7-df07e2fcf9cf.jpeg?h=225&w=225
Tesco Petit Pain 4 Pack,€1.20,,€0.30/each,https://www.tesco.ie/groceries/en-IE/products/252017163,https://digitalcontent.api.tesco.com/v2/media/ghs/f59ba10f-4b4c-491d-8927-30e742dd5f98/snapshotimagehandler_384771207.jpeg?h=225&w=225
Fitzgeralds Wholemeal Wraps 370G,€2.39,,€6.46/kg,https://www.tesco.ie/groceries/en-IE/products/275113912,https://digitalcontent.api.tesco.com/v2/media/ghs/56014f7b-6fb2-4cfd-bdfd-a531758919e5/5a2c604f-2c4e-4460-aab1-adca32cf4488_708345622.jpeg?h=225&w=225
Tesco Farmhouse Wheaten 500G,€1.80,,€3.60/kg,https://www.tesco.ie/groceries/en-IE/products/297396358,https://digitalcontent.api.tesco.com/v2/media/ghs/0661c829-cd90-43c8-95ee-b21a5a965d94/8097580c-e0dc-4559-ba05-34d40ecbe15e.jpeg?h=225&w=225
Fitzgeralds 6 Wholemeal Bagel Slims 263G,€2.24,€1.75 Clubcard Price,€8.52/kg,https://www.tesco.ie/groceries/en-IE/products/278020274,https://digitalcontent.api.tesco.com/v2/media/ghs/a2ccf02f-93d4-40b0-81cc-5a3f6e6859a0/snapshotimagehandler_35596949.jpeg?h=225&w=225
H.W Nevills 8 Wholemeal Tortilla Wrap,€1.27,,€0.16/each,https://www.tesco.ie/groceries/en-IE/products/304403151,https://digitalcontent.api.tesco.com/v2/media/ghs/17cad1c3-2237-4055-b78c-cc7045908e91/db543fec-ae2a-40f3-82e4-ee3641791d14_890647359.jpeg?h=225&w=225
Fitzgeralds Poppy Seeded Bagels 425G,€2.22,,€5.22/kg,https://www.tesco.ie/groceries/en-IE/products/273593046,https://digitalcontent.api.tesco.com/v2/media/ghs/4757889b-3cdd-485f-b461-84c7920ed704/snapshotimagehandler_648484979.jpeg?h=225&w=225
Jmob Doorstep White Bread 800G,€2.09,,€2.61/kg,https://www.tesco.ie/groceries/en-IE/products/252688698,https://digitalcontent.api.tesco.com/v2/media/ghs/f40b3c26-8229-409e-9b76-56c9c66332cd/snapshotimagehandler_1327924018.jpeg?h=225&w=225
Brennans Be Good White 600G,€2.03,€1.60 Clubcard Price,€3.38/kg,https://www.tesco.ie/groceries/en-IE/products/287208212,https://digitalcontent.api.tesco.com/v2/media/ghs/7acb652a-592b-4ef5-b7c7-c93afd21f6a9/b9da914b-e34c-44d3-bc2b-f41c39efed26.jpeg?h=225&w=225
Brennans Half Pan Wholemeal Bread 400G,€1.60,,€4.00/kg,https://www.tesco.ie/groceries/en-IE/products/256209022,https://digitalcontent.api.tesco.com/v2/media/ghs/862de39b-5b7a-47f3-bede-db915d04a8b6/fcc0af15-3e55-48a0-a259-5ae925e7333e.jpeg?h=225&w=225
Stafford's Bkry Chia Seed And Wholegrain Bread 400G,€2.99,,€7.48/kg,https://www.tesco.ie/groceries/en-IE/products/277733221,https://digitalcontent.api.tesco.com/v2/media/ghs/bf48b968-860e-4292-8f25-6869368a23c9/snapshotimagehandler_848399533.jpeg?h=225&w=225
Brennan's Chia Wholegrain 800G,€2.50,,€3.12/kg,https://www.tesco.ie/groceries/en-IE/products/275113486,https://digitalcontent.api.tesco.com/v2/media/ghs/fd0a4846-b777-4a82-a6fd-bc532e960f10/snapshotimagehandler_1231332396.jpeg?h=225&w=225
Irish Pride Big Toast White Sl. 800G,€2.19,,€2.74/kg,https://www.tesco.ie/groceries/en-IE/products/250798749,https://digitalcontent.api.tesco.com/v2/media/ghs/2646728d-e5d6-484b-8c70-da53633c6941/snapshotimagehandler_1042782488.jpeg?h=225&w=225
Brennans Brn& White In Onebite 800G,€2.22,,€2.78/kg,https://www.tesco.ie/groceries/en-IE/products/263908083,https://digitalcontent.api.tesco.com/v2/media/ghs/5c2217db-35f8-44b8-a19b-f2b24d7b09b9/snapshotimagehandler_273364915.jpeg?h=225&w=225
Fitzgeralds 6 Large Plain Wraps 370G,€2.39,,€6.46/kg,https://www.tesco.ie/groceries/en-IE/products/283560709,https://digitalcontent.api.tesco.com/v2/media/ghs/76e24447-aa9f-44c6-86f5-5da392332b9f/78321644-ef06-4989-9e88-6b76fe4695ed_2122932689.jpeg?h=225&w=225
Tesco 4 Brioche Burger Buns 260G,€2.00,,€7.69/kg,https://www.tesco.ie/groceries/en-IE/products/314120562,https://digitalcontent.api.tesco.com/v2/media/ghs-mktg/b0b04216-fa73-466d-a9d7-c9fcfa1ce9b3/no-image.jpeg
St Pierre 6 Brioche Buns Sliced,€3.89,,€0.65/each,https://www.tesco.ie/groceries/en-IE/products/301971576,https://digitalcontent.api.tesco.com/v2/media/ghs/c87348e8-e4e0-412f-924a-c0ee66528e73/6c1acd54-0c59-40a2-8157-fd0677a89324_304406213.jpeg?h=225&w=225
Fitzgeralds Petits Pains 4Pack 300G,€1.99,,€6.63/kg,https://www.tesco.ie/groceries/en-IE/products/253789525,https://digitalcontent.api.tesco.com/v2/media/ghs/d0407c26-662f-4707-91e3-4d39f5c2af89/snapshotimagehandler_982749293.jpeg?h=225&w=225
Fitzgeralds Multiseed & Cereal Bagels 425G,€2.22,,€5.22/kg,https://www.tesco.ie/groceries/en-IE/products/273593236,https://digitalcontent.api.tesco.com/v2/media/ghs/8a9bd08c-9a82-4a0f-b821-35c6d5eb0ffa/snapshotimagehandler_840188645.jpeg?h=225&w=225
St Pierre 4 Seeded Brioche Burger Buns,€3.25,,€0.81/each,https://www.tesco.ie/groceries/en-IE/products/301971599,https://digitalcontent.api.tesco.com/v2/media/ghs/b940f800-4f77-48e6-a4a6-cb10a6866ca7/babaee36-5929-4649-818e-3168978a9a81_1938453642.jpeg?h=225&w=225
Brennans Sliced Batch Loaf 800G,€1.99,,€2.49/kg,https://www.tesco.ie/groceries/en-IE/products/250840008,https://digitalcontent.api.tesco.com/v2/media/ghs/727b191a-1c94-4118-b036-db761b974eee/snapshotimagehandler_868126679.jpeg?h=225&w=225
Pat The Baker 100% Wholemeal Thck Sliced Bread 800G,€2.39,,€2.99/kg,https://www.tesco.ie/groceries/en-IE/products/250849840,https://digitalcontent.api.tesco.com/v2/media/ghs/991f9079-377a-4860-ac9f-59a39b6ac1cf/snapshotimagehandler_1889252413.jpeg?h=225&w=225
Mccambridge Brown Soda 500G,€2.85,,€5.70/kg,https://www.tesco.ie/groceries/en-IE/products/291724453,https://digitalcontent.api.tesco.com/v2/media/ghs/1da0df80-4709-43c3-8502-3b215990a0a1/snapshotimagehandler_2071020302.jpeg?h=225&w=225
Tesco Brown And White 800G,€1.09,,€1.36/kg,https://www.tesco.ie/groceries/en-IE/products/283589837,https://digitalcontent.api.tesco.com/v2/media/ghs/ca26e9e3-d7cb-4bdb-a5d7-b677a3a9d8b4/snapshotimagehandler_606518635.jpeg?h=225&w=225
Hovis Best Of Both Medium White 800G,€1.75,,€2.33/kg,https://www.tesco.ie/groceries/en-IE/products/279505857,https://digitalcontent.api.tesco.com/v2/media/ghs/6182dd91-7ccc-4816-a5cd-835a792a5886/977bf3fc-9031-4a6e-8ffb-b75adf6bd151.jpeg?h=225&w=225
Tesco Muffins 6'S,€1.80,,€0.30/each,https://www.tesco.ie/groceries/en-IE/products/285670386,https://digitalcontent.api.tesco.com/v2/media/ghs/a5011200-3954-44e1-87d0-948504f68bf8/snapshotimagehandler_1741108674.jpeg?h=225&w=225
Tesco Family Large Seeded Burger Bun 480G,€1.05,,€2.19/kg,https://www.tesco.ie/groceries/en-IE/products/268849357,https://digitalcontent.api.tesco.com/v2/media/ghs/2ffe8d1f-db93-4913-a95d-53265932c1ed/snapshotimagehandler_1673857894.jpeg?h=225&w=225
Gallaghers Sourdough Wholemeal Loaf 720G,€3.19,,€4.43/kg,https://www.tesco.ie/groceries/en-IE/products/308090167,https://digitalcontent.api.tesco.com/v2/media/ghs/3df6282a-1e4c-4ffb-8939-76b9f933c3cf/a263679d-eeab-43dd-8556-cbd39291d4ac_925962661.jpeg?h=225&w=225
Pat The Baker Sliced Pan White 800G,€1.99,€1.75 Clubcard Price,€2.49/kg,https://www.tesco.ie/groceries/en-IE/products/250837451,https://digitalcontent.api.tesco.com/v2/media/ghs/7bc42d68-c31d-4a3b-8fea-899c4b8a420c/de821fa1-2154-40df-b8f9-7d7a6a1f5faa_773610246.jpeg?h=225&w=225
Tesco Wholemeal Softgrain Sub Rolls 4 Pack,€0.80,,€0.20/each,https://www.tesco.ie/groceries/en-IE/products/283629630,https://digitalcontent.api.tesco.com/v2/media/ghs/eda3acdc-5d79-46fa-90d9-ae7906c4952b/snapshotimagehandler_1845468183.jpeg?h=225&w=225
Brennans Plain Bagel 440G,€2.15,,€4.89/kg,https://www.tesco.ie/groceries/en-IE/products/287042021,https://digitalcontent.api.tesco.com/v2/media/ghs/f3355a04-faad-4161-9e5b-dd3c2019a4eb/e45f912a-7d23-4720-ac65-2e50a79650a6.jpeg?h=225&w=225
Hovis Granary Thick Bread 800G,€2.20,€1.75 Clubcard Price,€2.75/kg,https://www.tesco.ie/groceries/en-IE/products/250871708,https://digitalcontent.api.tesco.com/v2/media/ghs/c65c3843-07d9-4ed1-b276-6ef8997a2c89/e9d11ab6-47d5-42dd-9bd7-933527aa8bcb.jpeg?h=225&w=225
Brennan Vitamin D Wholemeal 800G,€2.49,,€3.11/kg,https://www.tesco.ie/groceries/en-IE/products/292543141,https://digitalcontent.api.tesco.com/v2/media/ghs/42e50c1a-13a2-4a64-a276-afb742292b4e/e65e6800-f40c-4628-94d6-a16e330d9895.jpeg?h=225&w=225
Gallaghers Sourdough Wholemeal Loaf 400G,€2.39,,€5.98/kg,https://www.tesco.ie/groceries/en-IE/products/308114763,https://digitalcontent.api.tesco.com/v2/media/ghs/f3a894b7-ec9a-47d2-a298-c0282b32831b/484d794d-4c0b-46c8-b9d5-ac7661b7701d_1777979405.jpeg?h=225&w=225
Tesco Signature Large Loaf,€3.00,,€3.00/each,https://www.tesco.ie/groceries/en-IE/products/310142980,https://digitalcontent.api.tesco.com/v2/media/ghs/19dfb756-0be3-41c5-b036-548e6fe2ac07/bad31f5d-499c-4f95-a90d-75e26d420d01_635278800.jpeg?h=225&w=225
Tesco Homebake Baguettes 2 Pack,€1.39,,€4.63/kg,https://www.tesco.ie/groceries/en-IE/products/253551789,https://digitalcontent.api.tesco.com/v2/media/ghs/1f01c170-b7e8-474d-94bc-f0fd4b932526/35ad1bb8-bda2-442d-b29a-eedc2e234316.jpeg?h=225&w=225
Brennans Half Pan Whole Grain Bread 400G,€1.60,,€4.00/kg,https://www.tesco.ie/groceries/en-IE/products/256210181,https://digitalcontent.api.tesco.com/v2/media/ghs/5478e1bd-12d9-41ff-9c45-2b0c078e8042/3192a1b3-930d-42c5-9fa2-90bf7c0a1d10.jpeg?h=225&w=225
Brennans Be Good Low Calorie Wholegrain 600G,€2.05,€1.60 Clubcard Price,€3.42/kg,https://www.tesco.ie/groceries/en-IE/products/292923285,https://digitalcontent.api.tesco.com/v2/media/ghs/00591dab-da28-48be-bc08-5ac33122fdf7/b7350f99-303d-47d9-bf12-588999cda004.jpeg?h=225&w=225
Tesco Ciabatta 4 Pack,€2.65,€1.50 Clubcard Price,€0.66/each,https://www.tesco.ie/groceries/en-IE/products/312703452,https://digitalcontent.api.tesco.com/v2/media/ghs-mktg/b0b04216-fa73-466d-a9d7-c9fcfa1ce9b3/no-image.jpeg
Tesco White Stone Baked Baguette,€1.50,,€1.50/each,https://www.tesco.ie/groceries/en-IE/products/308495944,https://digitalcontent.api.tesco.com/v2/media/ghs/21e26221-5538-4c92-bfc4-89bfce068ad9/8cde802e-d6f1-4ceb-8060-58f5d2f01c45.jpeg?h=225&w=225
Fitzgeralds Bkry Sour Dough Demi Baguettes 2 Pack,€2.49,,€1.24/each,https://www.tesco.ie/groceries/en-IE/products/301965169,https://digitalcontent.api.tesco.com/v2/media/ghs/e6966139-97ab-4606-aa76-d9367a9dee1a/snapshotimagehandler_637288380.jpeg?h=225&w=225
Deli Panini 4 Pack,€2.65,,€0.66/each,https://www.tesco.ie/groceries/en-IE/products/264396679,https://digitalcontent.api.tesco.com/v2/media/ghs/b150dead-5098-4cb2-98cf-b5731f4dbc4d/snapshotimagehandler_1139620202.jpeg?h=225&w=225
Fitzgeralds Tomato Wraps 370G,€2.49,,€6.73/kg,https://www.tesco.ie/groceries/en-IE/products/275114024,https://digitalcontent.api.tesco.com/v2/media/ghs/ca44f758-8208-48e3-b2e3-33226d3fb1df/729eb23e-4bed-4040-a9a9-d1aafd0a6e2d_535397658.jpeg?h=225&w=225
Slimsters Wholemeal Square Breads 4 Pack,€1.69,,€9.39/kg,https://www.tesco.ie/groceries/en-IE/products/279667117,https://digitalcontent.api.tesco.com/v2/media/ghs/7b97b5cb-4b23-4a1b-97bd-da903d1c4d46/snapshotimagehandler_1906984772.jpeg?h=225&w=225
Tesco Wholegrain Sourdough 600G,€1.89,,€3.15/kg,https://www.tesco.ie/groceries/en-IE/products/301202192,https://digitalcontent.api.tesco.com/v2/media/ghs/2d38bdfe-76b5-44e5-bbcf-15fa1d229fb7/snapshotimagehandler_2072278404.jpeg?h=225&w=225
Staffords Pan White Large 750G,€2.99,,€3.99/kg,https://www.tesco.ie/groceries/en-IE/products/250807153,https://digitalcontent.api.tesco.com/v2/media/ghs/eed60556-3bbd-4039-b284-d223c8de2dd4/snapshotimagehandler_845269579.jpeg?h=225&w=225
Tesco 8 Wholemeal Tortilla Wraps,€1.99,,€0.25/each,https://www.tesco.ie/groceries/en-IE/products/303350398,https://digitalcontent.api.tesco.com/v2/media/ghs/734dcc5b-3280-4305-bb8a-19e4958b6bf9/f15b2162-1ec2-4c0c-a594-2104ec8e61ca.jpeg?h=225&w=225
Gallaghers Sourdough Multigrain 400G,€2.39,,€5.98/kg,https://www.tesco.ie/groceries/en-IE/products/308117535,https://digitalcontent.api.tesco.com/v2/media/ghs/ef210c9a-5808-4354-acbc-e3a0d57dd0e2/76a2eb5d-b985-4eea-af22-5b90877dbc4b_1509093254.jpeg?h=225&w=225
Brennans Hi Fibre Batch 800G,€2.50,,€3.12/kg,https://www.tesco.ie/groceries/en-IE/products/250838283,https://digitalcontent.api.tesco.com/v2/media/ghs/b7f57aec-90f4-4104-ac4a-4d21fed856d0/snapshotimagehandler_1956414351.jpeg?h=225&w=225
Mccambridge Brown Soda 720G,€3.15,,€4.38/kg,https://www.tesco.ie/groceries/en-IE/products/291724810,https://digitalcontent.api.tesco.com/v2/media/ghs/13cadbda-9e1e-4921-9b1e-9faafc24b01b/snapshotimagehandler_22546970.jpeg?h=225&w=225
Gallaghers Sourdough Rustic White Loaf 400G,€2.39,,€5.98/kg,https://www.tesco.ie/groceries/en-IE/products/308089890,https://digitalcontent.api.tesco.com/v2/media/ghs/a6efdfe8-71aa-4c95-8006-6b664e0bcb25/11aa28cb-bab6-4472-9393-9ff3bdf9175c_464418258.jpeg?h=225&w=225
Stafford's Bkry Tiger Cob 525G,€2.49,,€4.53/kg,https://www.tesco.ie/groceries/en-IE/products/276972889,https://digitalcontent.api.tesco.com/v2/media/ghs/6f6a4a3b-0e4e-44fd-bab6-b86c1acaea00/snapshotimagehandler_1027933751.jpeg?h=225&w=225
Tesco 6 Mini Garlic & Coriander Naans,€1.30,,€0.22/each,https://www.tesco.ie/groceries/en-IE/products/303299925,https://digitalcontent.api.tesco.com/v2/media/ghs/9bf523cf-b4d1-4b95-8fe3-d794b6f8a397/9994dc72-0ff1-45a2-8370-d679b372128e.jpeg?h=225&w=225
Mccloskeys Cottage Brown Bread Sliced720g,€3.85,,€5.35/kg,https://www.tesco.ie/groceries/en-IE/products/262267225,https://digitalcontent.api.tesco.com/v2/media/ghs/e67f726f-3778-484a-87b7-cae55d32cf24/1f964a39-0b0f-4a3a-8be2-fb7841411505_921673472.jpeg?h=225&w=225
Brennans Be Good Wholemeal Sandwich 160G,€1.30,€1.00 Clubcard Price,€8.12/kg,https://www.tesco.ie/groceries/en-IE/products/288826803,https://digitalcontent.api.tesco.com/v2/media/ghs/627c755b-3f4b-4c50-90f8-89e55de0cc43/7a3c336d-dbe5-4348-aa20-576318eae5d0.jpeg?h=225&w=225
Brennans White Bloomer 800G,€2.25,,€2.81/kg,https://www.tesco.ie/groceries/en-IE/products/302782026,https://digitalcontent.api.tesco.com/v2/media/ghs/268f1bbc-31e6-44d6-824c-08b720ea3895/snapshotimagehandler_303260907.jpeg?h=225&w=225
Deli Ciabatta 4 Pack,€2.65,,€0.66/each,https://www.tesco.ie/groceries/en-IE/products/264396685,https://digitalcontent.api.tesco.com/v2/media/ghs/e1944a75-d872-48a3-9608-3c5f24d7b467/snapshotimagehandler_1267718301.jpeg?h=225&w=225
Tesco 2 Garlic & Coriander Naan,€1.50,,€0.75/each,https://www.tesco.ie/groceries/en-IE/products/303316048,https://digitalcontent.api.tesco.com/v2/media/ghs/d95379c8-e05b-4092-ab07-649c37623efa/a1d843d6-aaeb-4c1f-82a3-a2aa221f723f.jpeg?h=225&w=225
Irish Pride Brioche Burger Buns 4 Pack 280G,€2.25,,€8.04/kg,https://www.tesco.ie/groceries/en-IE/products/304364311,https://digitalcontent.api.tesco.com/v2/media/ghs/e1f35c09-ba9f-4eeb-9d76-56573251708f/snapshotimagehandler_1742177961.jpeg?h=225&w=225
Brennans 5 Pre Sliced Sesame Bagels 450G,€2.15,,€4.78/kg,https://www.tesco.ie/groceries/en-IE/products/310650735,https://digitalcontent.api.tesco.com/v2/media/ghs/85fed280-5bfe-4c9e-990a-3f21c5d415f9/f7d369d7-09d8-4d60-8a3a-99c3d60a14ce_168047291.jpeg?h=225&w=225
Hovis Granary Wholemeal Bread 800G,€2.20,€1.75 Clubcard Price,€2.75/kg,https://www.tesco.ie/groceries/en-IE/products/254944133,https://digitalcontent.api.tesco.com/v2/media/ghs/7f51e02b-597e-48fa-8bec-20e6a9be3dd1/dc7eb7a6-4b4b-4775-a157-71175dd74a80.jpeg?h=225&w=225
Fitzgeralds 6Largemultigrain Wraps 370G,€2.55,,€0.42/each,https://www.tesco.ie/groceries/en-IE/products/283507164,https://digitalcontent.api.tesco.com/v2/media/ghs/21e8c938-3b66-4cf3-9f47-25967025d4c3/9e0d525e-ca0d-4bb0-bfeb-52c50c3875f1_2058915372.jpeg?h=225&w=225
Pat The Baker Wholegrain 800G,€2.39,,€2.99/kg,https://www.tesco.ie/groceries/en-IE/products/278452954,https://digitalcontent.api.tesco.com/v2/media/ghs/8d10148d-b619-4d61-aaf0-3a827719b122/snapshotimagehandler_687399356.jpeg?h=225&w=225
Fitzgeralds 6 Large C/Grl Wraps 6 Pack,€2.49,,€0.42/each,https://www.tesco.ie/groceries/en-IE/products/305554619,https://digitalcontent.api.tesco.com/v2/media/ghs/45e9cf8e-29f1-4d80-b50f-5befdaa4f7c0/a9264230-7472-4c83-ab40-9102c2c88990_1759333415.jpeg?h=225&w=225
Irish Pride Healthy Grain 800G,€2.39,,€2.99/kg,https://www.tesco.ie/groceries/en-IE/products/253073978,https://digitalcontent.api.tesco.com/v2/media/ghs/d95d338e-7227-4a0c-83c9-67fd387a134d/snapshotimagehandler_1900389424.jpeg?h=225&w=225
Slimsters Multigrain Sqr Breads 4 Pack 180G,€1.69,,€9.39/kg,https://www.tesco.ie/groceries/en-IE/products/279667209,https://digitalcontent.api.tesco.com/v2/media/ghs/b4eb13f4-b5c3-4e60-b567-1ffc63c1d77e/snapshotimagehandler_698572883.jpeg?h=225&w=225
Tesco Folded Flatbreads Plain 6 Pack,€1.80,,€8.57/kg,https://www.tesco.ie/groceries/en-IE/products/291376220,https://digitalcontent.api.tesco.com/v2/media/ghs/ca86f60d-d1dd-4df2-a406-e5cff3881c29/5655c332-e6f6-44e2-860f-f1772faf59ee.jpeg?h=225&w=225
Johnston Mooney And Obrien Handy Toast 400G,€1.65,,€4.12/kg,https://www.tesco.ie/groceries/en-IE/products/262644810,https://digitalcontent.api.tesco.com/v2/media/ghs/e6ad4495-3076-4516-8979-2b8ae6505796/snapshotimagehandler_1888134594.jpeg?h=225&w=225
Brennans Bakehouse Chia Wholegrain 400G,€2.75,,€6.88/kg,https://www.tesco.ie/groceries/en-IE/products/310115235,https://digitalcontent.api.tesco.com/v2/media/ghs/9363506c-4a0d-4e9e-b3d7-cea6c2c06cda/69bd3d1a-6b9a-4eff-8512-84397f77b991_264506600.jpeg?h=225&w=225
Brennans Poppy Seed Bagel 440G,€2.15,,€4.89/kg,https://www.tesco.ie/groceries/en-IE/products/287042044,https://digitalcontent.api.tesco.com/v2/media/ghs/61b094bb-f2d7-43b7-97cc-338bfb728a30/27408502-8035-4eb8-b263-d96824b49d47.jpeg?h=225&w=225
Brennans Malted Bloomer 800G,€2.25,,€2.81/kg,https://www.tesco.ie/groceries/en-IE/products/302782118,https://digitalcontent.api.tesco.com/v2/media/ghs/1385d84e-e115-4f94-b369-73aee60e4e63/snapshotimagehandler_926345984.jpeg?h=225&w=225
Brennans Be Good Mini Wholemeal Bread 450G,€1.80,,€4.00/kg,https://www.tesco.ie/groceries/en-IE/products/311689544,https://digitalcontent.api.tesco.com/v2/media/ghs/9e40dabc-787f-4700-b41e-05ed08ce8ad3/a5cb2b56-7cf7-4cb5-8531-8c7e57788857_1316974921.jpeg?h=225&w=225
Brennans Be Good Sesame L/Sd Sandwich 160G,€1.30,€1.00 Clubcard Price,€8.12/kg,https://www.tesco.ie/groceries/en-IE/products/288826890,https://digitalcontent.api.tesco.com/v2/media/ghs/82ffb67f-3398-485b-bb7e-9a127c1160ac/b24028cb-8388-428e-be75-eba4e5e575b2.jpeg?h=225&w=225
Tesco 2 Plain Naan Breads,€1.50,,€0.75/each,https://www.tesco.ie/groceries/en-IE/products/303315815,https://digitalcontent.api.tesco.com/v2/media/ghs/e8f9db2a-8a3d-4bb7-8891-a448641000e2/dc35f692-f230-40a6-a8fa-23fee3c461fc.jpeg?h=225&w=225
Jmob Bundy 4 Original X 4 +2 Free,€2.19,,€0.36/each,https://www.tesco.ie/groceries/en-IE/products/273718989,https://digitalcontent.api.tesco.com/v2/media/ghs/0fb09a05-5894-4491-89ce-823eb6265cdb/62b12d7a-3eee-41ff-ae24-c7ec266425e6_1778306824.jpeg?h=225&w=225
Tesco Mini Sub Rolls 3 Pack,€1.15,,€0.38/each,https://www.tesco.ie/groceries/en-IE/products/305948898,https://digitalcontent.api.tesco.com/v2/media/ghs/8d68c6b0-3b0b-4989-bfb8-6927f8784f17/snapshotimagehandler_1561686671.jpeg?h=225&w=225
Brennans Bakehouse Multi Seed 500G,€2.75,,€5.50/kg,https://www.tesco.ie/groceries/en-IE/products/310099748,https://digitalcontent.api.tesco.com/v2/media/ghs/a46f2687-e0b0-41c3-bd5c-ad6401de18b6/72fb6c39-6b64-48ac-8302-fc58c6838731_234820848.jpeg?h=225&w=225
Tesco White Sub Roll 2 Pack,€1.15,,€0.58/each,https://www.tesco.ie/groceries/en-IE/products/291928552,https://digitalcontent.api.tesco.com/v2/media/ghs/cef9b6d4-505f-4eb8-a850-b41c43650acc/snapshotimagehandler_2089797024.jpeg?h=225&w=225
Irish Pride Wholemeal Sandwich,€2.39,€1.80 Clubcard Price,€2.99/kg,https://www.tesco.ie/groceries/en-IE/products/250848864,https://digitalcontent.api.tesco.com/v2/media/ghs/53220c7c-c48d-4b6d-a07c-d45019dae2e0/snapshotimagehandler_83412634.jpeg?h=225&w=225
Irish Pride Big Toast White 400G,€1.79,€1.20 Clubcard Price,€4.48/kg,https://www.tesco.ie/groceries/en-IE/products/297793118,https://digitalcontent.api.tesco.com/v2/media/ghs/6040afb6-eddc-4f58-a08a-eb7a619043fc/snapshotimagehandler_1714190404.jpeg?h=225&w=225
Irish Pride Sandwich Half Pan 400G,€1.79,€1.20 Clubcard Price,€4.48/kg,https://www.tesco.ie/groceries/en-IE/products/256210618,https://digitalcontent.api.tesco.com/v2/media/ghs/e8c2c937-2810-4c87-ac77-42104ef08038/snapshotimagehandler_1565262577.jpeg?h=225&w=225
Jmob Bundy Gourmet Brioche Bun 4 Pack,€2.29,,€0.57/each,https://www.tesco.ie/groceries/en-IE/products/297685304,https://digitalcontent.api.tesco.com/v2/media/ghs/b555d9fe-024f-441d-9393-90292562c4bd/snapshotimagehandler_1401998106.jpeg?h=225&w=225
Hovis Wholemeal Medium Bread 800G,€2.20,€1.75 Clubcard Price,€2.75/kg,https://www.tesco.ie/groceries/en-IE/products/255000362,https://digitalcontent.api.tesco.com/v2/media/ghs/b3467836-07c3-4f91-829c-8a6378e7b8b3/3e0d3d72-3954-4544-9a6e-629c5c07256a.jpeg?h=225&w=225
Tesco Finest White Bap 280 G,€2.25,,€8.04/kg,https://www.tesco.ie/groceries/en-IE/products/303705671,https://digitalcontent.api.tesco.com/v2/media/ghs/9662a91f-3714-4d85-80f6-4a5dc359dee8/snapshotimagehandler_549514470.jpeg?h=225&w=225
Tesco White Stone Baked Boule,€2.75,,€2.75/each,https://www.tesco.ie/groceries/en-IE/products/305836633,https://digitalcontent.api.tesco.com/v2/media/ghs/129096a6-8d7a-43cb-8af3-cc2269fad94b/ad282d4c-4d2a-48a1-8b42-e49f1845727e.jpeg?h=225&w=225
Irish Pride Healthy Grain Half Pan 400G,€1.79,€1.20 Clubcard Price,€4.48/kg,https://www.tesco.ie/groceries/en-IE/products/261431401,https://digitalcontent.api.tesco.com/v2/media/ghs/baf99898-fa18-4201-b93a-9f3d5725ff8e/snapshotimagehandler_247655422.jpeg?h=225&w=225
Jmob Bundy 4 Seeded X 4 +2 Free,€2.19,,€0.36/each,https://www.tesco.ie/groceries/en-IE/products/273718804,https://digitalcontent.api.tesco.com/v2/media/ghs/025d7b75-f357-4b29-85f0-bd7ae7c9bccc/402a1d2c-44be-499f-beab-f5437ca5c426_33730138.jpeg?h=225&w=225
Staffords Bakery Crusty Brown Pan Sliced 700G,€2.99,,€4.27/kg,https://www.tesco.ie/groceries/en-IE/products/289820301,https://digitalcontent.api.tesco.com/v2/media/ghs/670ccfdc-10ed-4896-8db7-ccc782d0f0bc/snapshotimagehandler_393452201.jpeg?h=225&w=225
Brennans Cinnamon Raisi Bagel 440G,€2.15,,€4.89/kg,https://www.tesco.ie/groceries/en-IE/products/287042082,https://digitalcontent.api.tesco.com/v2/media/ghs/ae2ee3d0-cc77-4fa3-a2ee-e575cf45d2c4/d6335fb2-334b-4beb-856a-d9b05a993e1d.jpeg?h=225&w=225
Staffords Bakery Traditional Fermented Turnover 500G,€3.29,,€6.58/kg,https://www.tesco.ie/groceries/en-IE/products/303227729,https://digitalcontent.api.tesco.com/v2/media/ghs/4e3103b1-9fb0-437f-bc65-e2366e00ea7e/09b8dcba-99da-4b9b-aa91-865ce7d597c9_163356548.jpeg?h=225&w=225
Tesco Sourdough Bloomer,€3.00,,€3.00/each,https://www.tesco.ie/groceries/en-IE/products/311800943,https://digitalcontent.api.tesco.com/v2/media/ghs/2247dd31-87c7-4b8e-8c92-125d561c0d8e/e7625450-d34b-4bdb-a4a1-cc664e4dad77_1943988508.jpeg?h=225&w=225
Stafford's Bkry Spelt And Honey Pan 395G,€2.99,,€7.87/kg,https://www.tesco.ie/groceries/en-IE/products/273027793,https://digitalcontent.api.tesco.com/v2/media/ghs/48e84800-9263-47f4-8467-6fa0c07150e1/snapshotimagehandler_929516963.jpeg?h=225&w=225
Mccambridge Brown Soda 320G,€2.15,,€5.97/kg,https://www.tesco.ie/groceries/en-IE/products/291724787,https://digitalcontent.api.tesco.com/v2/media/ghs/f712f67a-e828-4c7f-b7fa-1ba427c468bb/snapshotimagehandler_1001392425.jpeg?h=225&w=225
Brennans Half Multigrain 400G,€1.79,,€4.48/kg,https://www.tesco.ie/groceries/en-IE/products/266588599,https://digitalcontent.api.tesco.com/v2/media/ghs/7852b6d5-3dee-4ad2-9ba3-d438f768c302/snapshotimagehandler_1115824188.jpeg?h=225&w=225
Tesco Super Seeded Bloomer,€2.75,,€2.75/each,https://www.tesco.ie/groceries/en-IE/products/307337662,https://digitalcontent.api.tesco.com/v2/media/ghs/3245e35a-d824-4290-8e22-ecd1aceefb5c/be7d437b-07dd-4352-a803-af0999077aa4_1707697814.jpeg?h=225&w=225
Stafford's Bkry Joannes Sliced Soda 720G,€3.79,,€4.74/kg,https://www.tesco.ie/groceries/en-IE/products/260025586,https://digitalcontent.api.tesco.com/v2/media/ghs/7b9635a5-f6fa-407e-987d-2b2e8b6708aa/snapshotimagehandler_763827484.jpeg?h=225&w=225
Pats Sliced White Half Pan 400G,€1.79,,€4.48/kg,https://www.tesco.ie/groceries/en-IE/products/250837318,https://digitalcontent.api.tesco.com/v2/media/ghs/a5db6ed8-f3ee-49bc-8a89-25110121311a/snapshotimagehandler_870984102.jpeg?h=225&w=225
Tesco Finest Oatmeal And Linseed 400G,€1.99,,€4.98/kg,https://www.tesco.ie/groceries/en-IE/products/282773413,https://digitalcontent.api.tesco.com/v2/media/ghs/6a467d98-0a1d-4a9e-bacc-baea0ed45ca1/8b71ac80-15e4-47d8-a88f-0637777bc337_537428317.jpeg?h=225&w=225
Tesco Signature Large Loaf Brown,€3.00,,€5.00/kg,https://www.tesco.ie/groceries/en-IE/products/311679510,https://digitalcontent.api.tesco.com/v2/media/ghs/0e651dc8-a511-4b54-b97e-9ef50d558bad/39b6b977-1367-42e8-b174-4c4d4bd49d17_954300552.jpeg?h=225&w=225
Brennans Multigrain Bag 440G,€2.15,,€4.89/kg,https://www.tesco.ie/groceries/en-IE/products/287042113,https://digitalcontent.api.tesco.com/v2/media/ghs/2664ee44-38c7-4118-9043-3deef189a64f/d1f823c7-1889-45be-9ab2-bb9956ef9dab.jpeg?h=225&w=225
Pat The Baker 100% Wholemeal 400G,€1.79,,€4.48/kg,https://www.tesco.ie/groceries/en-IE/products/259083423,https://digitalcontent.api.tesco.com/v2/media/ghs/3d507773-179d-4241-9093-1a0d0d0e4577/snapshotimagehandler_1137736333.jpeg?h=225&w=225
Brennan's Half Brown And White 400G,€1.60,,€4.00/kg,https://www.tesco.ie/groceries/en-IE/products/275113388,https://digitalcontent.api.tesco.com/v2/media/ghs/9cf15626-a451-4638-a1aa-9e3fd764177c/snapshotimagehandler_2020585832.jpeg?h=225&w=225
St Pierre 4 Brioche Hot Dog Rolls,€3.15,,€0.79/each,https://www.tesco.ie/groceries/en-IE/products/308868043,https://digitalcontent.api.tesco.com/v2/media/ghs/17b00169-336a-4ee5-8146-a6a8347f2311/972c323e-bf69-4b0b-b5dd-bdfce231f087_1181394788.jpeg?h=225&w=225
Tesco Maize Sub Roll 2 Pack,€1.15,,€0.58/each,https://www.tesco.ie/groceries/en-IE/products/291928575,https://digitalcontent.api.tesco.com/v2/media/ghs/b8b31ffe-ba18-4ae2-bd41-e05e16999a3d/snapshotimagehandler_1684174393.jpeg?h=225&w=225
Gallaghers Sourdough Burger Buns 240G,€2.29,,€9.54/kg,https://www.tesco.ie/groceries/en-IE/products/308117269,https://digitalcontent.api.tesco.com/v2/media/ghs/5046ecb5-3751-4a84-8a92-d94296ab9b63/434b5509-63c8-4ab0-a2df-a7c3b1de8bbc_807248922.jpeg?h=225&w=225
Mccloskeys Half Cottage Brown 300G,€2.25,,€7.50/kg,https://www.tesco.ie/groceries/en-IE/products/266826831,https://digitalcontent.api.tesco.com/v2/media/ghs/7f7bd1eb-3d54-4ec2-969a-029b93bde6e9/9d16d530-6357-4f7b-b591-dec95e797de2_1553523075.jpeg?h=225&w=225
Tesco Premium Glorious Grain 400G,€1.24,,€3.10/kg,https://www.tesco.ie/groceries/en-IE/products/277588283,https://digitalcontent.api.tesco.com/v2/media/ghs/d0663b65-2e22-484a-8195-0f558d511554/snapshotimagehandler_161824263.jpeg?h=225&w=225
Irish Pride Brown 400G,€1.79,€1.20 Clubcard Price,€4.48/kg,https://www.tesco.ie/groceries/en-IE/products/256210405,https://digitalcontent.api.tesco.com/v2/media/ghs/70832fd8-867a-4d6a-97f5-a4666d5ad573/snapshotimagehandler_1876154226.jpeg?h=225&w=225
Mccambridge Spelt Bread 500G,€2.75,,€5.50/kg,https://www.tesco.ie/groceries/en-IE/products/283488997,https://digitalcontent.api.tesco.com/v2/media/ghs/1cfdd575-a18a-4143-b5ab-b73236cdc44c/8ea26561-c4c0-49ca-bb82-3335bca4d769_219513328.jpeg?h=225&w=225
Tesco 5 White Finger Rolls 275G,€1.65,,€6.00/kg,https://www.tesco.ie/groceries/en-IE/products/306647711,https://digitalcontent.api.tesco.com/v2/media/ghs/58c65a74-3e36-467d-9a00-a42f700f5a1f/9f61235b-9bbe-4d03-8277-e9e33c04bdb1_1404482022.jpeg?h=225&w=225
Tesco Speciality Spelt And Honey Cob 400G,€2.75,,€2.75/each,https://www.tesco.ie/groceries/en-IE/products/291928644,https://digitalcontent.api.tesco.com/v2/media/ghs/c96b8678-589d-49e5-b230-9e3931e66ed0/snapshotimagehandler_277510763.jpeg?h=225&w=225
Brennans Good For All Pan 800G,€1.95,,€2.44/kg,https://www.tesco.ie/groceries/en-IE/products/267072856,https://digitalcontent.api.tesco.com/v2/media/ghs/9c0f1dd6-313a-4f33-af76-1628853311f5/snapshotimagehandler_1960383552.jpeg?h=225&w=225
Staffords Tiger Bloomer Bread 500G,€2.50,,€5.00/kg,https://www.tesco.ie/groceries/en-IE/products/312111069,https://digitalcontent.api.tesco.com/v2/media/ghs-mktg/b0b04216-fa73-466d-a9d7-c9fcfa1ce9b3/no-image.jpeg
Fitzgeralds 2 Large Garlic And Coriander Naan 260G,€2.49,,€9.58/kg,https://www.tesco.ie/groceries/en-IE/products/275114145,https://digitalcontent.api.tesco.com/v2/media/ghs/6a0324fa-eb49-4e9d-9a23-d1bf52ea0ed5/snapshotimagehandler_1347749891.jpeg?h=225&w=225
Staffords Bakery Sliced Vienna 430G,€2.50,,€2.50/each,https://www.tesco.ie/groceries/en-IE/products/304696661,https://digitalcontent.api.tesco.com/v2/media/ghs/c74d286f-48df-42f0-b0a0-29138556ae15/snapshotimagehandler_1349509892.jpeg?h=225&w=225
Brennans Wholegrain With Vitamin D 800G,€2.40,,€3.00/kg,https://www.tesco.ie/groceries/en-IE/products/288044910,https://digitalcontent.api.tesco.com/v2/media/ghs/cdfa87cb-d10f-4fa8-a0be-db1e15fb5c47/888d0ced-aef6-49cc-91b9-046cb7452f97.jpeg?h=225&w=225
Stafford's Bkry High Fibre Bread Multi Seed 395G,€2.99,,€7.57/kg,https://www.tesco.ie/groceries/en-IE/products/263011014,https://digitalcontent.api.tesco.com/v2/media/ghs/2576b088-e2b8-49a9-9643-54f869cedeca/snapshotimagehandler_1071613323.jpeg?h=225&w=225
Stafford's Bkry Sliced Farmhouse Brown 480G,€2.99,,€6.23/kg,https://www.tesco.ie/groceries/en-IE/products/255711200,https://digitalcontent.api.tesco.com/v2/media/ghs/1129534a-cfec-4ad3-9e00-3b5b402450d1/snapshotimagehandler_751547615.jpeg?h=225&w=225
Fitzgeralds Mini Garlic Coriander Naan 210G,€2.49,,€11.86/kg,https://www.tesco.ie/groceries/en-IE/products/275114220,https://digitalcontent.api.tesco.com/v2/media/ghs-mktg/b0b04216-fa73-466d-a9d7-c9fcfa1ce9b3/no-image.jpeg
Fitzgeralds Multi Seed And Cereal Baguettes2pk,€2.49,,€1.24/each,https://www.tesco.ie/groceries/en-IE/products/298371150,https://digitalcontent.api.tesco.com/v2/media/ghs/c3c43541-8dfa-4c8c-bceb-003c2a035b27/snapshotimagehandler_700070070.jpeg?h=225&w=225
St Pierre 4 Brioche Baguettes,€3.39,,€0.85/each,https://www.tesco.ie/groceries/en-IE/products/303670036,https://digitalcontent.api.tesco.com/v2/media/ghs/18af1181-757d-4e56-be75-0f85f91bdf19/4a3a08f5-de7a-4ac7-92f6-7b3c18a1a00d_1927258744.jpeg?h=225&w=225
Pat The Baker Wholemeal Slimbos 222G,€1.99,,€8.96/kg,https://www.tesco.ie/groceries/en-IE/products/282051657,https://digitalcontent.api.tesco.com/v2/media/ghs/70c0a682-8cf5-432a-8c23-fbcf743807f6/snapshotimagehandler_2119119339.jpeg?h=225&w=225
"Tesco Finest Cheddar, Sundried Tomato And Chilli Sourdough Bloomer 500G",€3.50,,€3.50/each,https://www.tesco.ie/groceries/en-IE/products/314950322,https://digitalcontent.api.tesco.com/v2/media/ghs/42990c32-bacf-4c34-b335-2731a8d0fcdd/25abf016-18b4-4ab9-849c-ab992473e55c_284408080.jpeg?h=225&w=225
Mccambridge Multi Seed Bread 500G,€2.75,,€5.50/kg,https://www.tesco.ie/groceries/en-IE/products/283489092,https://digitalcontent.api.tesco.com/v2/media/ghs/17aab89a-37ac-4c22-b7d1-938d41e83c4f/a3aeda45-1aaa-4e15-bf31-546287b17a13_1787025141.jpeg?h=225&w=225
Fitzgeralds Bake M/Sd And Cereal And Wraps 216G,€2.25,,€10.42/kg,https://www.tesco.ie/groceries/en-IE/products/294356054,https://digitalcontent.api.tesco.com/v2/media/ghs/f53d07dc-fed2-4f3e-b2df-8ed513ebeea9/snapshotimagehandler_737905505.jpeg?h=225&w=225
Brennan's Half White Bloomer 400G,€1.65,,€4.12/kg,https://www.tesco.ie/groceries/en-IE/products/309886048,https://digitalcontent.api.tesco.com/v2/media/ghs/6e65d1de-d67c-4f87-90df-c7272764b9d7/5d1ccbd7-f45c-43ae-81a6-8bf116a253b2.jpeg?h=225&w=225
Tesco Finest 2 Flame Baked Flatbreads,Currently out of stock,,,https://www.tesco.ie/groceries/en-IE/products/310664917,https://digitalcontent.api.tesco.com/v2/media/ghs/1703c935-fdc1-4369-977f-928d29e5487b/bdbb0be6-246d-4709-9454-72343f1277a9.jpeg?h=225&w=225
Staffords Bakery Scotch Batch 380G,€1.79,,€4.71/kg,https://www.tesco.ie/groceries/en-IE/products/255711131,https://digitalcontent.api.tesco.com/v2/media/ghs/867b14f5-32a5-43f8-9dbf-b3f611ed3bc0/snapshotimagehandler_511455448.jpeg?h=225&w=225
Brennans Bakehouse Seeded Multigrain 500G,€2.75,,€5.50/kg,https://www.tesco.ie/groceries/en-IE/products/310115189,https://digitalcontent.api.tesco.com/v2/media/ghs/bd833da3-9050-4d79-947c-e3e5cec74b33/a12080eb-230d-472b-8bbc-a02d249df386_154011465.jpeg?h=225&w=225
Irish Pride Bunster Buns 6 Pack,€2.25,,€0.38/each,https://www.tesco.ie/groceries/en-IE/products/250857496,https://digitalcontent.api.tesco.com/v2/media/ghs-mktg/b0b04216-fa73-466d-a9d7-c9fcfa1ce9b3/no-image.jpeg
Pat Half Wholegrain,€1.79,,€4.48/kg,https://www.tesco.ie/groceries/en-IE/products/277032941,https://digitalcontent.api.tesco.com/v2/media/ghs/1b02599a-4f9e-49be-b7b7-ec38fb5547c1/snapshotimagehandler_751886181.jpeg?h=225&w=225
Tesco Finest Super Grained Loaf,€2.15,,€2.15/each,https://www.tesco.ie/groceries/en-IE/products/303869999,https://digitalcontent.api.tesco.com/v2/media/ghs/6184e74b-e2b1-46c1-85d1-db2a02f9d74a/snapshotimagehandler_1781614763.jpeg?h=225&w=225
Pats Sliced Brown Half Pan 400G,€1.79,,€4.48/kg,https://www.tesco.ie/groceries/en-IE/products/250841791,https://digitalcontent.api.tesco.com/v2/media/ghs/923ce28f-5602-4d72-bd9b-e75052eaab39/snapshotimagehandler_304506377.jpeg?h=225&w=225
Tesco Finest Ciabatta Loaf,€3.50,,€3.50/each,https://www.tesco.ie/groceries/en-IE/products/315378422,https://digitalcontent.api.tesco.com/v2/media/ghs/2f443181-6881-4f37-b874-c1f1453b1e85/e8575fe5-69c3-49fe-91d3-8303de0ce49a_2025160779.jpeg?h=225&w=225
Tesco Finest Klmta And Hldiki Olive Batard,€3.50,,€3.50/each,https://www.tesco.ie/groceries/en-IE/products/315340947,https://digitalcontent.api.tesco.com/v2/media/ghs/1fb8a605-2d42-4fa2-8673-7958749bc1f0/89062ecc-65a0-4a67-9f99-fa6930c4f727_1348414810.jpeg?h=225&w=225
Brennans Batch With Vitamin D 800G,€2.50,,€3.12/kg,https://www.tesco.ie/groceries/en-IE/products/288045293,https://digitalcontent.api.tesco.com/v2/media/ghs/62ee25c0-d504-4b4f-83ac-c5c3b87e415c/74a904f4-798e-4b88-b9b2-93d757c51eac.jpeg?h=225&w=225
Mccloskeys White Baps 4 Pack 280G,€2.05,,€7.32/kg,https://www.tesco.ie/groceries/en-IE/products/266827070,https://digitalcontent.api.tesco.com/v2/media/ghs/1e4b7a8a-5881-45b3-92a5-6749c002f7f6/ab270f30-3b03-42ff-b0e4-55f62ebde324_343902630.jpeg?h=225&w=225
Pat The Baker Multi Seed Slimbos6pck 250G,€1.99,,€7.96/kg,https://www.tesco.ie/groceries/en-IE/products/278022865,https://digitalcontent.api.tesco.com/v2/media/ghs/b9349ec3-3293-4091-a9b0-ccaa855b1bc8/snapshotimagehandler_694092378.jpeg?h=225&w=225
Irish Pride Gourmet White Kaiser Bun 4 Pack,€2.25,,€0.56/each,https://www.tesco.ie/groceries/en-IE/products/297793372,https://digitalcontent.api.tesco.com/v2/media/ghs/31185b22-88fd-4aeb-9334-83b8a2e6a42e/snapshotimagehandler_710448939.jpeg?h=225&w=225
Jmob Bundy Hot Dog 6 Pack,€2.45,,€0.41/each,https://www.tesco.ie/groceries/en-IE/products/255836824,https://digitalcontent.api.tesco.com/v2/media/ghs/10b66c27-3e3b-497e-ad15-75f347f3d857/e43714a4-0bef-43d6-bfe3-973d7a7bc1b7_1977390759.jpeg?h=225&w=225
Tesco 6 Mini Plain Naan Breads 282G,€1.50,,€5.32/kg,https://www.tesco.ie/groceries/en-IE/products/303299948,https://digitalcontent.api.tesco.com/v2/media/ghs/3376775f-bdba-44d8-be2f-1a317014a3dd/b69ee9ee-762e-4428-9474-09bc9923591c.jpeg?h=225&w=225
Brennan's Brown Malted Bloomer 400G,€1.65,,€4.12/kg,https://www.tesco.ie/groceries/en-IE/products/309885815,https://digitalcontent.api.tesco.com/v2/media/ghs/a95ed05a-56fa-488f-a287-f82b92715d26/f4692799-a19f-484c-b630-5ab29ae1ddeb.jpeg?h=225&w=225
Pat The Baker Sesame And Linseed Slimbos6pcks210g,€1.99,,€9.48/kg,https://www.tesco.ie/groceries/en-IE/products/278022911,https://digitalcontent.api.tesco.com/v2/media/ghs/ceaa53aa-4670-4614-af23-d2f0e14c4f2d/snapshotimagehandler_1096071780.jpeg?h=225&w=225
Irish Pride Hot Dog Rolls 4 Plus 2 Free,€2.29,,€0.38/each,https://www.tesco.ie/groceries/en-IE/products/284850492,https://digitalcontent.api.tesco.com/v2/media/ghs/2eca89ee-ee80-472f-9088-30e8368993fe/snapshotimagehandler_1298349628.jpeg?h=225&w=225
Brennans Half Batch 400G,€1.65,,€4.12/kg,https://www.tesco.ie/groceries/en-IE/products/285964422,https://digitalcontent.api.tesco.com/v2/media/ghs/6c0f9973-d50e-4218-a53e-451c3084fead/snapshotimagehandler_63457378.jpeg?h=225&w=225
Tesco Finest Vintage Cheese Boule,€3.50,,€3.50/each,https://www.tesco.ie/groceries/en-IE/products/315360039,https://digitalcontent.api.tesco.com/v2/media/ghs/25fc5c02-e5c2-47c1-a9f0-92f55096766c/89559e3c-d85a-411a-8cc4-199d67c6d17e_339427881.jpeg?h=225&w=225
Irish Pride Bunster Seed Buns 6 Pack 50G,€2.25,,€0.38/each,https://www.tesco.ie/groceries/en-IE/products/250857513,https://digitalcontent.api.tesco.com/v2/media/ghs-mktg/b0b04216-fa73-466d-a9d7-c9fcfa1ce9b3/no-image.jpeg
Country Mill Granary Bread 550G,€3.25,,€5.91/kg,https://www.tesco.ie/groceries/en-IE/products/261266441,https://digitalcontent.api.tesco.com/v2/media/ghs/5918f9a4-f8c8-4a66-8f63-668257e1e16f/fdb5c9d3-0a1c-4d42-87cb-78cd2731e01a_677937752.jpeg?h=225&w=225
Mccloskeys Bloomer Granary 800G,€3.25,,€4.06/kg,https://www.tesco.ie/groceries/en-IE/products/295026708,https://digitalcontent.api.tesco.com/v2/media/ghs/1183f4ae-3083-4c78-988f-5b3bf728a041/e89f924f-9dbc-43bc-9ebf-3321b0cb32d1_1324958935.jpeg?h=225&w=225
Mccambridge Round Soda 570G,€2.85,,€5.00/kg,https://www.tesco.ie/groceries/en-IE/products/291724879,https://digitalcontent.api.tesco.com/v2/media/ghs/cdbd30f8-a283-4e82-93fe-af5e2ca4d643/snapshotimagehandler_1776497366.jpeg?h=225&w=225
Mccloskeys Sliced Batch Loaf 800G,€3.25,,€4.06/kg,https://www.tesco.ie/groceries/en-IE/products/250818226,https://digitalcontent.api.tesco.com/v2/media/ghs/635111fa-bc4a-4c24-883b-a904369bd852/5ce96119-41da-428d-b8cf-4e58a9c38fbc_675043213.jpeg?h=225&w=225
Brennans Bakehouse White S/Dough 400G,€2.75,,€6.88/kg,https://www.tesco.ie/groceries/en-IE/products/313958505,https://digitalcontent.api.tesco.com/v2/media/ghs/09c5d280-0d15-449b-8f82-cae5aef01c21/24eee1fe-85a4-4d33-b213-f1508b344044_1721696137.jpeg?h=225&w=225
Pat The Baker Plain White Slimbos6pck 210G,€1.99,,€9.48/kg,https://www.tesco.ie/groceries/en-IE/products/278023023,https://digitalcontent.api.tesco.com/v2/media/ghs/d1d4d017-426b-422d-8af2-ab13c990976a/snapshotimagehandler_1690006062.jpeg?h=225&w=225
Brennans Half Hi Fibre Batch 400G,€1.65,,€4.12/kg,https://www.tesco.ie/groceries/en-IE/products/305496631,https://digitalcontent.api.tesco.com/v2/media/ghs/a6b5cf8d-8cf9-4a3f-9756-3c9201ba52ba/snapshotimagehandler_157508800.jpeg?h=225&w=225
Jmob Wholegrain Sl 800G,€2.29,,€2.86/kg,https://www.tesco.ie/groceries/en-IE/products/250849517,https://digitalcontent.api.tesco.com/v2/media/ghs/c7c1212d-1e47-4d1b-aa8b-7805f4f1a273/snapshotimagehandler_259195819.jpeg?h=225&w=225
Mccloskeys Bloomer White 800G,€3.25,,€4.06/kg,https://www.tesco.ie/groceries/en-IE/products/295026576,https://digitalcontent.api.tesco.com/v2/media/ghs/48d04309-5bdb-4c5a-b80c-d82687f0a1bc/5620d787-d07c-4503-87a6-5cf4276bddac_899561479.jpeg?h=225&w=225
Panelto Overnight Oat And Fruit Loaf,€2.75,,€2.75/each,https://www.tesco.ie/groceries/en-IE/products/307143810,https://digitalcontent.api.tesco.com/v2/media/ghs/73db1e04-5e5c-427a-9b47-fc48e2bf6377/08f6489d-72cb-4886-8639-1248b0316f57_379391757.jpeg?h=225&w=225
Stafford's Stone Ground Bttrmlk Soda 670G,€2.50,,€3.73/kg,https://www.tesco.ie/groceries/en-IE/products/312347493,https://digitalcontent.api.tesco.com/v2/media/ghs-mktg/b0b04216-fa73-466d-a9d7-c9fcfa1ce9b3/no-image.jpeg
Jmob Super Bundy 4 Pack,€1.85,,€0.46/each,https://www.tesco.ie/groceries/en-IE/products/282097516,https://digitalcontent.api.tesco.com/v2/media/ghs/a143cfa8-6b25-46f0-805f-bd40015d404d/snapshotimagehandler_945084449.jpeg?h=225&w=225
Pat The Baker Multigrain Pan 400G,€1.79,,€4.48/kg,https://www.tesco.ie/groceries/en-IE/products/262627791,https://digitalcontent.api.tesco.com/v2/media/ghs/a1daed0f-9472-4bae-a376-883cf52b06af/snapshotimagehandler_1426671234.jpeg?h=225&w=225
Irish Pride Fresh White Wr 6 Pack,€2.69,,€0.45/each,https://www.tesco.ie/groceries/en-IE/products/281926425,https://digitalcontent.api.tesco.com/v2/media/ghs/8016208d-b587-4517-9b1f-c7b66d27e93d/snapshotimagehandler_1375801491.jpeg?h=225&w=225
Mccloskeys Paco Pan Sesame Seed Bread 500G,€3.25,,€6.50/kg,https://www.tesco.ie/groceries/en-IE/products/255410124,https://digitalcontent.api.tesco.com/v2/media/ghs/56eed9fb-121f-4bd7-b031-0dffa7e415b0/c35987b1-0e94-4486-9bbe-fcbef3156aad_892882743.jpeg?h=225&w=225
Irish Pride Bunster Seeded Big Bun 4 Pack 320G,€2.49,,€2.49/each,https://www.tesco.ie/groceries/en-IE/products/268969693,https://digitalcontent.api.tesco.com/v2/media/ghs-mktg/b0b04216-fa73-466d-a9d7-c9fcfa1ce9b3/no-image.jpeg
G/Bkhse Gourmet Soft Floury Rolls 320G,€3.19,,€9.97/kg,https://www.tesco.ie/groceries/en-IE/products/314846587,https://digitalcontent.api.tesco.com/v2/media/ghs/816abf3a-e250-48f1-b6fa-abe0ee938c45/9631fa9c-b822-4e87-91d1-e54d3bf4dc4f_890579998.jpeg?h=225&w=225
Mccloskeys Bloomer Granary 400G,€1.95,,€4.88/kg,https://www.tesco.ie/groceries/en-IE/products/295026518,https://digitalcontent.api.tesco.com/v2/media/ghs/5eb788c3-2cd1-4f72-8a23-44b4f77c3064/e7fb5a76-7553-4f2e-ab28-6f33daa838b1_562147759.jpeg?h=225&w=225
Mccloskeys Multi Seed Bloomer 400G,€2.99,,€7.48/kg,https://www.tesco.ie/groceries/en-IE/products/300809812,https://digitalcontent.api.tesco.com/v2/media/ghs/de9741b3-39b5-40e7-bccb-058c6a0ce353/600d50aa-2b69-4e00-8b2f-77cbb419ca46_1312267950.jpeg?h=225&w=225
Mccloskeys Bloomer White 400G,€1.95,,€4.88/kg,https://www.tesco.ie/groceries/en-IE/products/295026455,https://digitalcontent.api.tesco.com/v2/media/ghs/d0cbb754-b999-4761-a1cd-ee5c308db53e/d47b767a-5ea5-44f9-9459-d2d7ca88f51f_248166657.jpeg?h=225&w=225
Mccloskey's Sliced Tiger Bread 500G,€3.50,,€7.00/kg,https://www.tesco.ie/groceries/en-IE/products/315075711,https://digitalcontent.api.tesco.com/v2/media/ghs/8ca7d21d-f942-4046-9627-b13ad52787ef/b2ea7b2b-7c0a-49af-9d5c-814317d36f72_403831547.jpeg?h=225&w=225
Mccloskeys Hot Cross Buns 4 Pack,€2.75,,€0.69/each,https://www.tesco.ie/groceries/en-IE/products/277248703,https://digitalcontent.api.tesco.com/v2/media/ghs/306ebf3d-faa5-4f9c-9b2b-9f4487cfcaf4/bc97bf09-85e5-4bfd-a1d4-9fc5fa4727e9_1923153845.jpeg?h=225&w=225
Brennans Bakehouse M/Seed Wholegrain 400G,€2.75,,€6.88/kg,https://www.tesco.ie/groceries/en-IE/products/311805926,https://digitalcontent.api.tesco.com/v2/media/ghs/2c21418e-d92b-41c9-aa73-0c2fa810c199/15513fcf-b305-4557-9de6-22666b633ba1_772772048.jpeg?h=225&w=225
Stapletons White Sourdough Loaf 600G,€2.15,,€3.58/kg,https://www.tesco.ie/groceries/en-IE/products/302687456,https://digitalcontent.api.tesco.com/v2/media/ghs/d9d1c8ce-08bd-4a44-99fc-eecf9a45717c/snapshotimagehandler_905653873.jpeg?h=225&w=225
Irish Pride Fresh Wholemea 6 Pack,€2.69,,€0.45/each,https://www.tesco.ie/groceries/en-IE/products/281926460,https://digitalcontent.api.tesco.com/v2/media/ghs/0bc6b3d1-a6f2-49ac-a231-d583c84344a0/snapshotimagehandler_1314160971.jpeg?h=225&w=225
Brennans Bun-Days Burger Buns 6 Pack,€2.20,,€7.33/kg,https://www.tesco.ie/groceries/en-IE/products/250851410,https://digitalcontent.api.tesco.com/v2/media/ghs/bacee538-6229-4afd-b3e9-948b89f1122e/e5c5d2bc-31d6-4201-9ee6-8bec38ac3741.jpeg?h=225&w=225
Stapletons Brown Sourdough Loaf 600G,€2.15,,€3.58/kg,https://www.tesco.ie/groceries/en-IE/products/302687836,https://digitalcontent.api.tesco.com/v2/media/ghs/e03ac333-4662-4002-9eb5-b2ca5b011b0b/snapshotimagehandler_143014723.jpeg?h=225&w=225
Mccloskeys Sliced Everything Bagel 5 Pack 450G,€2.45,,€5.44/kg,https://www.tesco.ie/groceries/en-IE/products/307736604,https://digitalcontent.api.tesco.com/v2/media/ghs/f2abbe84-e7ef-4455-a9a8-e9222475d181/79381ab1-167f-44da-8278-eb42331d3981_1523009161.jpeg?h=225&w=225
Mccloskeys Chia Bloomer 400G,€2.99,,€7.48/kg,https://www.tesco.ie/groceries/en-IE/products/300809858,https://digitalcontent.api.tesco.com/v2/media/ghs/537ea9b4-f5b0-4421-be16-3f4992b6a532/e1784341-0234-4b2a-a81b-6220a07c0110_1727655205.jpeg?h=225&w=225
Stapletons Baps 400G,€1.90,,€4.75/kg,https://www.tesco.ie/groceries/en-IE/products/285595348,https://digitalcontent.api.tesco.com/v2/media/ghs/d4a2f5ea-d759-426c-a859-eae6100551bf/snapshotimagehandler_1971276748.jpeg?h=225&w=225
Mccloskeys Rich Fruit Brack 550G,€5.00,,€9.09/kg,https://www.tesco.ie/groceries/en-IE/products/269123460,https://digitalcontent.api.tesco.com/v2/media/ghs/85d00207-ff72-4fe0-937c-c2c61a2268d1/6a62a1a3-9983-4682-9005-aff3fffdb2c3_136300397.jpeg?h=225&w=225
Tesco Malted Malted Wheat Crusty Roll,€0.40,,€0.40/each,https://www.tesco.ie/groceries/en-IE/products/312986029,https://digitalcontent.api.tesco.com/v2/media/ghs-mktg/b0b04216-fa73-466d-a9d7-c9fcfa1ce9b3/no-image.jpeg
Mccloskeys Sliced Plain Bagels 5 Pack 450G,€2.45,,€5.44/kg,https://www.tesco.ie/groceries/en-IE/products/307735657,https://digitalcontent.api.tesco.com/v2/media/ghs/378797c8-c6d4-4d46-b212-1fb664a656a5/24e5461f-153d-4f55-b751-33dd4b25fee2_1222274429.jpeg?h=225&w=225
Irish Pride Vitamin D Wholemeal 800G,€2.59,,€3.24/kg,https://www.tesco.ie/groceries/en-IE/products/250848639,https://digitalcontent.api.tesco.com/v2/media/ghs/60e3e15c-7cf1-448a-b916-22bb382acdd8/snapshotimagehandler_650861326.jpeg?h=225&w=225
Mccloskeys Sliced Sesame Bagels 5 Pack 450G,€2.45,,€5.44/kg,https://www.tesco.ie/groceries/en-IE/products/307744433,https://digitalcontent.api.tesco.com/v2/media/ghs/db053747-67fe-4eaf-8740-8d3fe7c37a16/699db1b8-6aaa-4483-8078-b6e95cc4d6fd_459827868.jpeg?h=225&w=225
Stafford's Farmhouse Soda 720G,€2.50,,€3.47/kg,https://www.tesco.ie/groceries/en-IE/products/312229230,https://digitalcontent.api.tesco.com/v2/media/ghs-mktg/b0b04216-fa73-466d-a9d7-c9fcfa1ce9b3/no-image.jpeg
Manorhill Bakery Plain Scones 350G,€3.49,,€9.97/kg,https://www.tesco.ie/groceries/en-IE/products/282571963,https://digitalcontent.api.tesco.com/v2/media/ghs/978e4cae-9523-444e-b32e-cd2419542697/snapshotimagehandler_1411570616.jpeg?h=225&w=225
Mccloskeys Brown 6 Sliced Bagel Thins 330G,€2.40,,€7.27/kg,https://www.tesco.ie/groceries/en-IE/products/307735012,https://digitalcontent.api.tesco.com/v2/media/ghs/0424ceda-5116-4b2e-b66b-0157b992c48d/75b806dc-cc9d-4423-9c4a-19d1cddfea3e_564835359.jpeg?h=225&w=225
Brennans Bakehouse Seeded Soda 500G,€2.75,,€5.50/kg,https://www.tesco.ie/groceries/en-IE/products/311795700,https://digitalcontent.api.tesco.com/v2/media/ghs/de899bd4-623b-4240-9884-420b070ca974/b93dde76-7527-4aba-81d8-105fc772f678_1295287667.jpeg?h=225&w=225
Brennans Hot Dog Rolls 6 Pack 420G,€2.05,,€4.88/kg,https://www.tesco.ie/groceries/en-IE/products/257802556,https://digitalcontent.api.tesco.com/v2/media/ghs/37dde66f-6e57-4239-9a8d-96aa86eb8541/snapshotimagehandler_1005245730.jpeg?h=225&w=225
Mccloskey's Sliced Plain Bagel Thins 6 Pack 330G,€2.40,,€7.27/kg,https://www.tesco.ie/groceries/en-IE/products/307737125,https://digitalcontent.api.tesco.com/v2/media/ghs/fbc77faa-506f-4a5a-a1b6-19cb2a31f897/13897515-2eca-451d-8afd-8f4b28fcedfd_1138948984.jpeg?h=225&w=225
Delilites Clsc Chicken Caesar Wrap 229G,€4.00,,€17.47/kg,https://www.tesco.ie/groceries/en-IE/products/304214789,https://digitalcontent.api.tesco.com/v2/media/ghs/a3680bca-5647-47fc-b2e9-609e156889a1/0fc72918-6714-499a-b8fc-72b03f2518f3_154216851.jpeg?h=225&w=225
Butter Milk Brown Soda 620G,€2.35,,€3.79/kg,https://www.tesco.ie/groceries/en-IE/products/264299276,https://digitalcontent.api.tesco.com/v2/media/ghs-mktg/b0b04216-fa73-466d-a9d7-c9fcfa1ce9b3/no-image.jpeg
Staffords Bakery Crusty Vienna 430G,€2.50,,€2.50/each,https://www.tesco.ie/groceries/en-IE/products/304696649,https://digitalcontent.api.tesco.com/v2/media/ghs/e7134b8f-1f59-4cbe-99c3-53abeb353ceb/snapshotimagehandler_721603762.jpeg?h=225&w=225
Batch Large 650G,€2.35,,€3.62/kg,https://www.tesco.ie/groceries/en-IE/products/264299627,https://digitalcontent.api.tesco.com/v2/media/ghs-mktg/b0b04216-fa73-466d-a9d7-c9fcfa1ce9b3/no-image.jpeg
Brennans Mega Bundays Seeded Buns 490G 6 Pack,€2.35,,€4.80/kg,https://www.tesco.ie/groceries/en-IE/products/254389421,https://digitalcontent.api.tesco.com/v2/media/ghs/cc500e05-42bd-4cdc-874c-ed5ab34a266d/snapshotimagehandler_1266967043.jpeg?h=225&w=225
Brennans Gourm Sesame Bagel 440G,€2.05,,€4.66/kg,https://www.tesco.ie/groceries/en-IE/products/287042136,https://digitalcontent.api.tesco.com/v2/media/ghs-mktg/b0b04216-fa73-466d-a9d7-c9fcfa1ce9b3/no-image.jpeg
High Fibre 540G Butter Milk Brown,€2.35,,€4.35/kg,https://www.tesco.ie/groceries/en-IE/products/264299218,https://digitalcontent.api.tesco.com/v2/media/ghs-mktg/b0b04216-fa73-466d-a9d7-c9fcfa1ce9b3/no-image.jpeg
Gallaghers Bake House Brioche 8 Sliders 280G,€2.75,,€9.82/kg,https://www.tesco.ie/groceries/en-IE/products/312237030,https://digitalcontent.api.tesco.com/v2/media/ghs-mktg/b0b04216-fa73-466d-a9d7-c9fcfa1ce9b3/no-image.jpeg
Brennans Half Toast 400G,€1.49,,€3.72/kg,https://www.tesco.ie/groceries/en-IE/products/250202048,https://digitalcontent.api.tesco.com/v2/media/ghs-mktg/b0b04216-fa73-466d-a9d7-c9fcfa1ce9b3/no-image.jpeg
Staffords Basket Bread 350G,€1.55,,€4.43/kg,https://www.tesco.ie/groceries/en-IE/products/281385684,https://digitalcontent.api.tesco.com/v2/media/ghs-mktg/b0b04216-fa73-466d-a9d7-c9fcfa1ce9b3/no-image.jpeg
