Title,Price,Promotional Price,Price Per,Product URL,Image URL
H.W Nevills 8 Plain Tortilla Wraps,€1.19,,€0.15/each,https://www.tesco.ie/groceries/en-IE/products/304416929,https://digitalcontent.api.tesco.com/v2/media/ghs/4f58f628-0950-40fe-97e8-04edce7087c2/1022880d-76a2-4a86-a35e-88734ea33f4c_366174797.jpeg?h=225&w=225
Fitzgerald 5 Plain Bagels 425G,€2.20,,€5.18/kg,https://www.tesco.ie/groceries/en-IE/products/268947327,https://digitalcontent.api.tesco.com/v2/media/ghs/febb2c89-1f88-40bc-a6b6-20b104ac7d63/snapshotimagehandler_1931833223.jpeg?h=225&w=225
Tesco Plain Burger Bun 6 Pack,€0.99,,€0.16/each,https://www.tesco.ie/groceries/en-IE/products/301324979,https://digitalcontent.api.tesco.com/v2/media/ghs/27d135f9-e0fc-41f2-bea1-dc999cef1a88/snapshotimagehandler_1098459098.jpeg?h=225&w=225
H.W. Nevill's Part Baked Baguette 2 Pack,€0.99,,€0.50/each,https://www.tesco.ie/groceries/en-IE/products/299668276,https://digitalcontent.api.tesco.com/v2/media/ghs/1583b123-ead8-49d0-b43c-e21b30a141c8/15b9d98d-a021-4f15-b9dc-5a37cf648589.jpeg?h=225&w=225
Tesco Seeded Burger Bun 6 Pack,€0.99,,€0.16/each,https://www.tesco.ie/groceries/en-IE/products/301325000,https://digitalcontent.api.tesco.com/v2/media/ghs/30586711-928a-4415-b6a1-e82d78c22b45/snapshotimagehandler_1455732549.jpeg?h=225&w=225
Tesco 8 Mini White Tortilla Wraps,€0.95,,€0.12/each,https://www.tesco.ie/groceries/en-IE/products/303350415,https://digitalcontent.api.tesco.com/v2/media/ghs/3db22ffa-8d9f-4fb4-9014-2bf760568e90/5b81efca-31d1-43ad-9d75-27239fd6c448.jpeg?h=225&w=225
Fitzgeralds 5 Sesame Bagels 425G,€2.22,,€5.22/kg,https://www.tesco.ie/groceries/en-IE/products/268947333,https://digitalcontent.api.tesco.com/v2/media/ghs/a5396899-acaa-4e50-83f5-c335152387c6/snapshotimagehandler_274374657.jpeg?h=225&w=225
Fitzgeralds 6 Kids Wraps Plus 2 Free 320G,€2.09,,€6.53/kg,https://www.tesco.ie/groceries/en-IE/products/268556716,https://digitalcontent.api.tesco.com/v2/media/ghs/26a2a6f5-f714-47e4-9714-dda3526b5760/snapshotimagehandler_887768184.jpeg?h=225&w=225
Tesco Family Hot Dog Rolls 6 Pack,€0.99,,€0.16/each,https://www.tesco.ie/groceries/en-IE/products/268849363,https://digitalcontent.api.tesco.com/v2/media/ghs/085d7f19-b2c3-4e86-b042-59dfe5beeeb5/snapshotimagehandler_1256904400.jpeg?h=225&w=225
Tesco Bake At Home Petit Pain 6 Pack,€2.05,,€6.83/kg,https://www.tesco.ie/groceries/en-IE/products/290239349,https://digitalcontent.api.tesco.com/v2/media/ghs/eaa4eaed-f039-451a-8e15-2b1107e63133/5ca1c257-e389-47e9-a83d-a18c87a7ea14.jpeg?h=225&w=225
Tesco 8 Plain Tortilla Wraps,€1.99,,€0.25/each,https://www.tesco.ie/groceries/en-IE/products/303350352,https://digitalcontent.api.tesco.com/v2/media/ghs/136a5bb3-8efe-4a85-8b20-26afa5d65763/1f8af822-6717-4051-af05-5a5f59e98f21.jpeg?h=225&w=225
Tesco White Soft Grain Sub Rolls 4 Pack,€0.80,,€0.20/each,https://www.tesco.ie/groceries/en-IE/products/283629561,https://digitalcontent.api.tesco.com/v2/media/ghs/436f7652-0d99-45b3-b669-84576f7af745/snapshotimagehandler_188074704.jpeg?h=225&w=225
Fitzgeralds 5 Cinnamon And Raisin Bagels,€2.22,,€5.22/kg,https://www.tesco.ie/groceries/en-IE/products/268947448,https://digitalcontent.api.tesco.com/v2/media/ghs/ee30476e-8512-4420-af15-9d62fae786dd/snapshotimagehandler_101375072.jpeg?h=225&w=225
Fitzgeralds 6 M/Seed And Cereal Bagel Slims 273G,€2.29,€1.75 Clubcard Price,€8.39/kg,https://www.tesco.ie/groceries/en-IE/products/280172540,https://digitalcontent.api.tesco.com/v2/media/ghs/1167765e-e6d1-41ce-b4c6-43ebe4038f6a/snapshotimagehandler_1481405673.jpeg?h=225&w=225
Fitzgeralds 6 Plain Bagel Slims 288G,€2.24,€1.75 Clubcard Price,€7.78/kg,https://www.tesco.ie/groceries/en-IE/products/278006919,https://digitalcontent.api.tesco.com/v2/media/ghs/51f668bd-7106-4f2b-998c-b08dff56093e/snapshotimagehandler_227880984.jpeg?h=225&w=225
Fitzgeralds Wholemeal Bagels,€2.22,,€5.22/kg,https://www.tesco.ie/groceries/en-IE/products/268947419,https://digitalcontent.api.tesco.com/v2/media/ghs/11344302-1a23-4ac5-838c-6818f5c90353/snapshotimagehandler_1730700572.jpeg?h=225&w=225
Tesco Petit Pain 4 Pack,€1.20,,€0.30/each,https://www.tesco.ie/groceries/en-IE/products/252017163,https://digitalcontent.api.tesco.com/v2/media/ghs/f59ba10f-4b4c-491d-8927-30e742dd5f98/snapshotimagehandler_384771207.jpeg?h=225&w=225
Fitzgeralds Wholemeal Wraps 370G,€2.39,,€6.46/kg,https://www.tesco.ie/groceries/en-IE/products/275113912,https://digitalcontent.api.tesco.com/v2/media/ghs/56014f7b-6fb2-4cfd-bdfd-a531758919e5/5a2c604f-2c4e-4460-aab1-adca32cf4488_708345622.jpeg?h=225&w=225
Fitzgeralds 6 Wholemeal Bagel Slims 263G,€2.24,€1.75 Clubcard Price,€8.52/kg,https://www.tesco.ie/groceries/en-IE/products/278020274,https://digitalcontent.api.tesco.com/v2/media/ghs/a2ccf02f-93d4-40b0-81cc-5a3f6e6859a0/snapshotimagehandler_35596949.jpeg?h=225&w=225
H.W Nevills 8 Wholemeal Tortilla Wrap,€1.27,,€0.16/each,https://www.tesco.ie/groceries/en-IE/products/304403151,https://digitalcontent.api.tesco.com/v2/media/ghs/17cad1c3-2237-4055-b78c-cc7045908e91/db543fec-ae2a-40f3-82e4-ee3641791d14_890647359.jpeg?h=225&w=225
Fitzgeralds Poppy Seeded Bagels 425G,€2.22,,€5.22/kg,https://www.tesco.ie/groceries/en-IE/products/273593046,https://digitalcontent.api.tesco.com/v2/media/ghs/4757889b-3cdd-485f-b461-84c7920ed704/snapshotimagehandler_648484979.jpeg?h=225&w=225
Fitzgeralds 6 Large Plain Wraps 370G,€2.39,,€6.46/kg,https://www.tesco.ie/groceries/en-IE/products/283560709,https://digitalcontent.api.tesco.com/v2/media/ghs/76e24447-aa9f-44c6-86f5-5da392332b9f/78321644-ef06-4989-9e88-6b76fe4695ed_2122932689.jpeg?h=225&w=225
Tesco 4 Brioche Burger Buns 260G,€2.00,,€7.69/kg,https://www.tesco.ie/groceries/en-IE/products/314120562,https://digitalcontent.api.tesco.com/v2/media/ghs-mktg/b0b04216-fa73-466d-a9d7-c9fcfa1ce9b3/no-image.jpeg
St Pierre 6 Brioche Buns Sliced,€3.89,,€0.65/each,https://www.tesco.ie/groceries/en-IE/products/301971576,https://digitalcontent.api.tesco.com/v2/media/ghs/c87348e8-e4e0-412f-924a-c0ee66528e73/6c1acd54-0c59-40a2-8157-fd0677a89324_304406213.jpeg?h=225&w=225
Fitzgeralds Multiseed & Cereal Bagels 425G,€2.22,,€5.22/kg,https://www.tesco.ie/groceries/en-IE/products/273593236,https://digitalcontent.api.tesco.com/v2/media/ghs/8a9bd08c-9a82-4a0f-b821-35c6d5eb0ffa/snapshotimagehandler_840188645.jpeg?h=225&w=225
St Pierre 4 Seeded Brioche Burger Buns,€3.25,,€0.81/each,https://www.tesco.ie/groceries/en-IE/products/301971599,https://digitalcontent.api.tesco.com/v2/media/ghs/b940f800-4f77-48e6-a4a6-cb10a6866ca7/babaee36-5929-4649-818e-3168978a9a81_1938453642.jpeg?h=225&w=225
Tesco Muffins 6'S,€1.80,,€0.30/each,https://www.tesco.ie/groceries/en-IE/products/285670386,https://digitalcontent.api.tesco.com/v2/media/ghs/a5011200-3954-44e1-87d0-948504f68bf8/snapshotimagehandler_1741108674.jpeg?h=225&w=225
Tesco Family Large Seeded Burger Bun 480G,€1.05,,€2.19/kg,https://www.tesco.ie/groceries/en-IE/products/268849357,https://digitalcontent.api.tesco.com/v2/media/ghs/2ffe8d1f-db93-4913-a95d-53265932c1ed/snapshotimagehandler_1673857894.jpeg?h=225&w=225
Tesco Wholemeal Softgrain Sub Rolls 4 Pack,€0.80,,€0.20/each,https://www.tesco.ie/groceries/en-IE/products/283629630,https://digitalcontent.api.tesco.com/v2/media/ghs/eda3acdc-5d79-46fa-90d9-ae7906c4952b/snapshotimagehandler_1845468183.jpeg?h=225&w=225
Brennans Plain Bagel 440G,€2.15,,€4.89/kg,https://www.tesco.ie/groceries/en-IE/products/287042021,https://digitalcontent.api.tesco.com/v2/media/ghs/f3355a04-faad-4161-9e5b-dd3c2019a4eb/e45f912a-7d23-4720-ac65-2e50a79650a6.jpeg?h=225&w=225
Tesco Homebake Baguettes 2 Pack,€1.39,,€4.63/kg,https://www.tesco.ie/groceries/en-IE/products/253551789,https://digitalcontent.api.tesco.com/v2/media/ghs/1f01c170-b7e8-474d-94bc-f0fd4b932526/35ad1bb8-bda2-442d-b29a-eedc2e234316.jpeg?h=225&w=225
Tesco White Stone Baked Baguette,€1.50,,€1.50/each,https://www.tesco.ie/groceries/en-IE/products/308495944,https://digitalcontent.api.tesco.com/v2/media/ghs/21e26221-5538-4c92-bfc4-89bfce068ad9/8cde802e-d6f1-4ceb-8060-58f5d2f01c45.jpeg?h=225&w=225
Fitzgeralds Bkry Sour Dough Demi Baguettes 2 Pack,€2.49,,€1.24/each,https://www.tesco.ie/groceries/en-IE/products/301965169,https://digitalcontent.api.tesco.com/v2/media/ghs/e6966139-97ab-4606-aa76-d9367a9dee1a/snapshotimagehandler_637288380.jpeg?h=225&w=225
Fitzgeralds Tomato Wraps 370G,€2.49,,€6.73/kg,https://www.tesco.ie/groceries/en-IE/products/275114024,https://digitalcontent.api.tesco.com/v2/media/ghs/ca44f758-8208-48e3-b2e3-33226d3fb1df/729eb23e-4bed-4040-a9a9-d1aafd0a6e2d_535397658.jpeg?h=225&w=225
Slimsters Wholemeal Square Breads 4 Pack,€1.69,,€9.39/kg,https://www.tesco.ie/groceries/en-IE/products/279667117,https://digitalcontent.api.tesco.com/v2/media/ghs/7b97b5cb-4b23-4a1b-97bd-da903d1c4d46/snapshotimagehandler_1906984772.jpeg?h=225&w=225
Tesco 8 Wholemeal Tortilla Wraps,€1.99,,€0.25/each,https://www.tesco.ie/groceries/en-IE/products/303350398,https://digitalcontent.api.tesco.com/v2/media/ghs/734dcc5b-3280-4305-bb8a-19e4958b6bf9/f15b2162-1ec2-4c0c-a594-2104ec8e61ca.jpeg?h=225&w=225
Brennans Be Good Wholemeal Sandwich 160G,€1.30,€1.00 Clubcard Price,€8.12/kg,https://www.tesco.ie/groceries/en-IE/products/288826803,https://digitalcontent.api.tesco.com/v2/media/ghs/627c755b-3f4b-4c50-90f8-89e55de0cc43/7a3c336d-dbe5-4348-aa20-576318eae5d0.jpeg?h=225&w=225
Irish Pride Brioche Burger Buns 4 Pack 280G,€2.25,,€8.04/kg,https://www.tesco.ie/groceries/en-IE/products/304364311,https://digitalcontent.api.tesco.com/v2/media/ghs/e1f35c09-ba9f-4eeb-9d76-56573251708f/snapshotimagehandler_1742177961.jpeg?h=225&w=225
Brennans 5 Pre Sliced Sesame Bagels 450G,€2.15,,€4.78/kg,https://www.tesco.ie/groceries/en-IE/products/310650735,https://digitalcontent.api.tesco.com/v2/media/ghs/85fed280-5bfe-4c9e-990a-3f21c5d415f9/f7d369d7-09d8-4d60-8a3a-99c3d60a14ce_168047291.jpeg?h=225&w=225
Fitzgeralds 6Largemultigrain Wraps 370G,€2.55,,€0.42/each,https://www.tesco.ie/groceries/en-IE/products/283507164,https://digitalcontent.api.tesco.com/v2/media/ghs/21e8c938-3b66-4cf3-9f47-25967025d4c3/9e0d525e-ca0d-4bb0-bfeb-52c50c3875f1_2058915372.jpeg?h=225&w=225
Fitzgeralds 6 Large C/Grl Wraps 6 Pack,€2.49,,€0.42/each,https://www.tesco.ie/groceries/en-IE/products/305554619,https://digitalcontent.api.tesco.com/v2/media/ghs/45e9cf8e-29f1-4d80-b50f-5befdaa4f7c0/a9264230-7472-4c83-ab40-9102c2c88990_1759333415.jpeg?h=225&w=225
Slimsters Multigrain Sqr Breads 4 Pack 180G,€1.69,,€9.39/kg,https://www.tesco.ie/groceries/en-IE/products/279667209,https://digitalcontent.api.tesco.com/v2/media/ghs/b4eb13f4-b5c3-4e60-b567-1ffc63c1d77e/snapshotimagehandler_698572883.jpeg?h=225&w=225
Tesco Folded Flatbreads Plain 6 Pack,€1.80,,€8.57/kg,https://www.tesco.ie/groceries/en-IE/products/291376220,https://digitalcontent.api.tesco.com/v2/media/ghs/ca86f60d-d1dd-4df2-a406-e5cff3881c29/5655c332-e6f6-44e2-860f-f1772faf59ee.jpeg?h=225&w=225
Brennans Poppy Seed Bagel 440G,€2.15,,€4.89/kg,https://www.tesco.ie/groceries/en-IE/products/287042044,https://digitalcontent.api.tesco.com/v2/media/ghs/61b094bb-f2d7-43b7-97cc-338bfb728a30/27408502-8035-4eb8-b263-d96824b49d47.jpeg?h=225&w=225
Brennans Be Good Sesame L/Sd Sandwich 160G,€1.30,€1.00 Clubcard Price,€8.12/kg,https://www.tesco.ie/groceries/en-IE/products/288826890,https://digitalcontent.api.tesco.com/v2/media/ghs/82ffb67f-3398-485b-bb7e-9a127c1160ac/b24028cb-8388-428e-be75-eba4e5e575b2.jpeg?h=225&w=225
Jmob Bundy 4 Original X 4 +2 Free,€2.19,,€0.36/each,https://www.tesco.ie/groceries/en-IE/products/273718989,https://digitalcontent.api.tesco.com/v2/media/ghs/0fb09a05-5894-4491-89ce-823eb6265cdb/62b12d7a-3eee-41ff-ae24-c7ec266425e6_1778306824.jpeg?h=225&w=225
Jmob Bundy Gourmet Brioche Bun 4 Pack,€2.29,,€0.57/each,https://www.tesco.ie/groceries/en-IE/products/297685304,https://digitalcontent.api.tesco.com/v2/media/ghs/b555d9fe-024f-441d-9393-90292562c4bd/snapshotimagehandler_1401998106.jpeg?h=225&w=225
Tesco Finest White Bap 280 G,€2.25,,€8.04/kg,https://www.tesco.ie/groceries/en-IE/products/303705671,https://digitalcontent.api.tesco.com/v2/media/ghs/9662a91f-3714-4d85-80f6-4a5dc359dee8/snapshotimagehandler_549514470.jpeg?h=225&w=225
Jmob Bundy 4 Seeded X 4 +2 Free,€2.19,,€0.36/each,https://www.tesco.ie/groceries/en-IE/products/273718804,https://digitalcontent.api.tesco.com/v2/media/ghs/025d7b75-f357-4b29-85f0-bd7ae7c9bccc/402a1d2c-44be-499f-beab-f5437ca5c426_33730138.jpeg?h=225&w=225
Brennans Cinnamon Raisi Bagel 440G,€2.15,,€4.89/kg,https://www.tesco.ie/groceries/en-IE/products/287042082,https://digitalcontent.api.tesco.com/v2/media/ghs/ae2ee3d0-cc77-4fa3-a2ee-e575cf45d2c4/d6335fb2-334b-4beb-856a-d9b05a993e1d.jpeg?h=225&w=225
Brennans Multigrain Bag 440G,€2.15,,€4.89/kg,https://www.tesco.ie/groceries/en-IE/products/287042113,https://digitalcontent.api.tesco.com/v2/media/ghs/2664ee44-38c7-4118-9043-3deef189a64f/d1f823c7-1889-45be-9ab2-bb9956ef9dab.jpeg?h=225&w=225
St Pierre 4 Brioche Hot Dog Rolls,€3.15,,€0.79/each,https://www.tesco.ie/groceries/en-IE/products/308868043,https://digitalcontent.api.tesco.com/v2/media/ghs/17b00169-336a-4ee5-8146-a6a8347f2311/972c323e-bf69-4b0b-b5dd-bdfce231f087_1181394788.jpeg?h=225&w=225
Gallaghers Sourdough Burger Buns 240G,€2.29,,€9.54/kg,https://www.tesco.ie/groceries/en-IE/products/308117269,https://digitalcontent.api.tesco.com/v2/media/ghs/5046ecb5-3751-4a84-8a92-d94296ab9b63/434b5509-63c8-4ab0-a2df-a7c3b1de8bbc_807248922.jpeg?h=225&w=225
Tesco 5 White Finger Rolls 275G,€1.65,,€6.00/kg,https://www.tesco.ie/groceries/en-IE/products/306647711,https://digitalcontent.api.tesco.com/v2/media/ghs/58c65a74-3e36-467d-9a00-a42f700f5a1f/9f61235b-9bbe-4d03-8277-e9e33c04bdb1_1404482022.jpeg?h=225&w=225
St Pierre 4 Brioche Baguettes,€3.39,,€0.85/each,https://www.tesco.ie/groceries/en-IE/products/303670036,https://digitalcontent.api.tesco.com/v2/media/ghs/18af1181-757d-4e56-be75-0f85f91bdf19/4a3a08f5-de7a-4ac7-92f6-7b3c18a1a00d_1927258744.jpeg?h=225&w=225
Pat The Baker Wholemeal Slimbos 222G,€1.99,,€8.96/kg,https://www.tesco.ie/groceries/en-IE/products/282051657,https://digitalcontent.api.tesco.com/v2/media/ghs/70c0a682-8cf5-432a-8c23-fbcf743807f6/snapshotimagehandler_2119119339.jpeg?h=225&w=225
Fitzgeralds Bake M/Sd And Cereal And Wraps 216G,€2.25,,€10.42/kg,https://www.tesco.ie/groceries/en-IE/products/294356054,https://digitalcontent.api.tesco.com/v2/media/ghs/f53d07dc-fed2-4f3e-b2df-8ed513ebeea9/snapshotimagehandler_737905505.jpeg?h=225&w=225
Irish Pride Bunster Buns 6 Pack,€2.25,,€0.38/each,https://www.tesco.ie/groceries/en-IE/products/250857496,https://digitalcontent.api.tesco.com/v2/media/ghs-mktg/b0b04216-fa73-466d-a9d7-c9fcfa1ce9b3/no-image.jpeg
Mccloskeys White Baps 4 Pack 280G,€2.05,,€7.32/kg,https://www.tesco.ie/groceries/en-IE/products/266827070,https://digitalcontent.api.tesco.com/v2/media/ghs/1e4b7a8a-5881-45b3-92a5-6749c002f7f6/ab270f30-3b03-42ff-b0e4-55f62ebde324_343902630.jpeg?h=225&w=225
Pat The Baker Multi Seed Slimbos6pck 250G,€1.99,,€7.96/kg,https://www.tesco.ie/groceries/en-IE/products/278022865,https://digitalcontent.api.tesco.com/v2/media/ghs/b9349ec3-3293-4091-a9b0-ccaa855b1bc8/snapshotimagehandler_694092378.jpeg?h=225&w=225
Irish Pride Gourmet White Kaiser Bun 4 Pack,€2.25,,€0.56/each,https://www.tesco.ie/groceries/en-IE/products/297793372,https://digitalcontent.api.tesco.com/v2/media/ghs/31185b22-88fd-4aeb-9334-83b8a2e6a42e/snapshotimagehandler_710448939.jpeg?h=225&w=225
Jmob Bundy Hot Dog 6 Pack,€2.45,,€0.41/each,https://www.tesco.ie/groceries/en-IE/products/255836824,https://digitalcontent.api.tesco.com/v2/media/ghs/10b66c27-3e3b-497e-ad15-75f347f3d857/e43714a4-0bef-43d6-bfe3-973d7a7bc1b7_1977390759.jpeg?h=225&w=225
Pat The Baker Sesame And Linseed Slimbos6pcks210g,€1.99,,€9.48/kg,https://www.tesco.ie/groceries/en-IE/products/278022911,https://digitalcontent.api.tesco.com/v2/media/ghs/ceaa53aa-4670-4614-af23-d2f0e14c4f2d/snapshotimagehandler_1096071780.jpeg?h=225&w=225
Irish Pride Hot Dog Rolls 4 Plus 2 Free,€2.29,,€0.38/each,https://www.tesco.ie/groceries/en-IE/products/284850492,https://digitalcontent.api.tesco.com/v2/media/ghs/2eca89ee-ee80-472f-9088-30e8368993fe/snapshotimagehandler_1298349628.jpeg?h=225&w=225
Irish Pride Bunster Seed Buns 6 Pack 50G,€2.25,,€0.38/each,https://www.tesco.ie/groceries/en-IE/products/250857513,https://digitalcontent.api.tesco.com/v2/media/ghs-mktg/b0b04216-fa73-466d-a9d7-c9fcfa1ce9b3/no-image.jpeg
Pat The Baker Plain White Slimbos6pck 210G,€1.99,,€9.48/kg,https://www.tesco.ie/groceries/en-IE/products/278023023,https://digitalcontent.api.tesco.com/v2/media/ghs/d1d4d017-426b-422d-8af2-ab13c990976a/snapshotimagehandler_1690006062.jpeg?h=225&w=225
Jmob Super Bundy 4 Pack,€1.85,,€0.46/each,https://www.tesco.ie/groceries/en-IE/products/282097516,https://digitalcontent.api.tesco.com/v2/media/ghs/a143cfa8-6b25-46f0-805f-bd40015d404d/snapshotimagehandler_945084449.jpeg?h=225&w=225
Irish Pride Fresh White Wr 6 Pack,€2.69,,€0.45/each,https://www.tesco.ie/groceries/en-IE/products/281926425,https://digitalcontent.api.tesco.com/v2/media/ghs/8016208d-b587-4517-9b1f-c7b66d27e93d/snapshotimagehandler_1375801491.jpeg?h=225&w=225
Irish Pride Bunster Seeded Big Bun 4 Pack 320G,€2.49,,€2.49/each,https://www.tesco.ie/groceries/en-IE/products/268969693,https://digitalcontent.api.tesco.com/v2/media/ghs-mktg/b0b04216-fa73-466d-a9d7-c9fcfa1ce9b3/no-image.jpeg
G/Bkhse Gourmet Soft Floury Rolls 320G,€3.19,,€9.97/kg,https://www.tesco.ie/groceries/en-IE/products/314846587,https://digitalcontent.api.tesco.com/v2/media/ghs/816abf3a-e250-48f1-b6fa-abe0ee938c45/9631fa9c-b822-4e87-91d1-e54d3bf4dc4f_890579998.jpeg?h=225&w=225
Irish Pride Fresh Wholemea 6 Pack,€2.69,,€0.45/each,https://www.tesco.ie/groceries/en-IE/products/281926460,https://digitalcontent.api.tesco.com/v2/media/ghs/0bc6b3d1-a6f2-49ac-a231-d583c84344a0/snapshotimagehandler_1314160971.jpeg?h=225&w=225
Brennans Bun-Days Burger Buns 6 Pack,€2.20,,€7.33/kg,https://www.tesco.ie/groceries/en-IE/products/250851410,https://digitalcontent.api.tesco.com/v2/media/ghs/bacee538-6229-4afd-b3e9-948b89f1122e/e5c5d2bc-31d6-4201-9ee6-8bec38ac3741.jpeg?h=225&w=225
Mccloskeys Sliced Everything Bagel 5 Pack 450G,€2.45,,€5.44/kg,https://www.tesco.ie/groceries/en-IE/products/307736604,https://digitalcontent.api.tesco.com/v2/media/ghs/f2abbe84-e7ef-4455-a9a8-e9222475d181/79381ab1-167f-44da-8278-eb42331d3981_1523009161.jpeg?h=225&w=225
Stapletons Baps 400G,€1.90,,€4.75/kg,https://www.tesco.ie/groceries/en-IE/products/285595348,https://digitalcontent.api.tesco.com/v2/media/ghs/d4a2f5ea-d759-426c-a859-eae6100551bf/snapshotimagehandler_1971276748.jpeg?h=225&w=225
Mccloskeys Sliced Plain Bagels 5 Pack 450G,€2.45,,€5.44/kg,https://www.tesco.ie/groceries/en-IE/products/307735657,https://digitalcontent.api.tesco.com/v2/media/ghs/378797c8-c6d4-4d46-b212-1fb664a656a5/24e5461f-153d-4f55-b751-33dd4b25fee2_1222274429.jpeg?h=225&w=225
Mccloskeys Sliced Sesame Bagels 5 Pack 450G,€2.45,,€5.44/kg,https://www.tesco.ie/groceries/en-IE/products/307744433,https://digitalcontent.api.tesco.com/v2/media/ghs/db053747-67fe-4eaf-8740-8d3fe7c37a16/699db1b8-6aaa-4483-8078-b6e95cc4d6fd_459827868.jpeg?h=225&w=225
Mccloskeys Brown 6 Sliced Bagel Thins 330G,€2.40,,€7.27/kg,https://www.tesco.ie/groceries/en-IE/products/307735012,https://digitalcontent.api.tesco.com/v2/media/ghs/0424ceda-5116-4b2e-b66b-0157b992c48d/75b806dc-cc9d-4423-9c4a-19d1cddfea3e_564835359.jpeg?h=225&w=225
Brennans Hot Dog Rolls 6 Pack 420G,€2.05,,€4.88/kg,https://www.tesco.ie/groceries/en-IE/products/257802556,https://digitalcontent.api.tesco.com/v2/media/ghs/37dde66f-6e57-4239-9a8d-96aa86eb8541/snapshotimagehandler_1005245730.jpeg?h=225&w=225
Mccloskey's Sliced Plain Bagel Thins 6 Pack 330G,€2.40,,€7.27/kg,https://www.tesco.ie/groceries/en-IE/products/307737125,https://digitalcontent.api.tesco.com/v2/media/ghs/fbc77faa-506f-4a5a-a1b6-19cb2a31f897/13897515-2eca-451d-8afd-8f4b28fcedfd_1138948984.jpeg?h=225&w=225
Delilites Clsc Chicken Caesar Wrap 229G,€4.00,,€17.47/kg,https://www.tesco.ie/groceries/en-IE/products/304214789,https://digitalcontent.api.tesco.com/v2/media/ghs/a3680bca-5647-47fc-b2e9-609e156889a1/0fc72918-6714-499a-b8fc-72b03f2518f3_154216851.jpeg?h=225&w=225
Butter Milk Brown Soda 620G,€2.35,,€3.79/kg,https://www.tesco.ie/groceries/en-IE/products/264299276,https://digitalcontent.api.tesco.com/v2/media/ghs-mktg/b0b04216-fa73-466d-a9d7-c9fcfa1ce9b3/no-image.jpeg
Brennans Mega Bundays Seeded Buns 490G 6 Pack,€2.35,,€4.80/kg,https://www.tesco.ie/groceries/en-IE/products/254389421,https://digitalcontent.api.tesco.com/v2/media/ghs/cc500e05-42bd-4cdc-874c-ed5ab34a266d/snapshotimagehandler_1266967043.jpeg?h=225&w=225
Brennans Gourm Sesame Bagel 440G,€2.05,,€4.66/kg,https://www.tesco.ie/groceries/en-IE/products/287042136,https://digitalcontent.api.tesco.com/v2/media/ghs-mktg/b0b04216-fa73-466d-a9d7-c9fcfa1ce9b3/no-image.jpeg
High Fibre 540G Butter Milk Brown,€2.35,,€4.35/kg,https://www.tesco.ie/groceries/en-IE/products/264299218,https://digitalcontent.api.tesco.com/v2/media/ghs-mktg/b0b04216-fa73-466d-a9d7-c9fcfa1ce9b3/no-image.jpeg
Gallaghers Bake House Brioche 8 Sliders 280G,€2.75,,€9.82/kg,https://www.tesco.ie/groceries/en-IE/products/312237030,https://digitalcontent.api.tesco.com/v2/media/ghs-mktg/b0b04216-fa73-466d-a9d7-c9fcfa1ce9b3/no-image.jpeg
