Title,Price,Promotional Price,Price Per,Product URL,Image URL
Brennans Sliced Pan White 800G,€1.99,,€2.49/kg,https://www.tesco.ie/groceries/en-IE/products/250330059,https://digitalcontent.api.tesco.com/v2/media/ghs/eac6018f-787a-45a5-b5a5-5e452924a92f/fc3184a6-c2ae-43d4-99a2-497bb8cdc542.jpeg?h=225&w=225
Tesco Family White Sliced Pan 800G,€0.89,,€1.11/kg,https://www.tesco.ie/groceries/en-IE/products/309773245,https://digitalcontent.api.tesco.com/v2/media/ghs/82b9cbc3-03b2-42c1-a7ca-7049730b6aea/5189acaa-eac4-4ea3-8190-4910aa250095_1086957210.jpeg?h=225&w=225
Tesco Plain Burger Bun 6 Pack,€0.99,,€0.16/each,https://www.tesco.ie/groceries/en-IE/products/301324979,https://digitalcontent.api.tesco.com/v2/media/ghs/27d135f9-e0fc-41f2-bea1-dc999cef1a88/snapshotimagehandler_1098459098.jpeg?h=225&w=225
Jmob Toastie White 800G,€1.99,€1.69 Clubcard Price,€2.49/kg,https://www.tesco.ie/groceries/en-IE/products/250795418,https://digitalcontent.api.tesco.com/v2/media/ghs/4716b3d7-2b07-4028-9cda-b30e71ea84b3/snapshotimagehandler_212964146.jpeg?h=225&w=225
Tesco Toaster White Thick Sliced 800G,€1.09,,€1.36/kg,https://www.tesco.ie/groceries/en-IE/products/309764249,https://digitalcontent.api.tesco.com/v2/media/ghs/3abc636e-5809-4b12-8ef2-6dd3aac827e4/cb2af495-e9c7-4f05-b3f9-7ba7bb791548_535933934.jpeg?h=225&w=225
Irish Pride Sandwich Pan White 800G,€1.99,,€2.49/kg,https://www.tesco.ie/groceries/en-IE/products/250800391,https://digitalcontent.api.tesco.com/v2/media/ghs/7395b234-b369-4f98-8b85-1920933595aa/snapshotimagehandler_2095551844.jpeg?h=225&w=225
Tesco Sourdough Loaf 600G,€1.29,,€2.15/kg,https://www.tesco.ie/groceries/en-IE/products/293332907,https://digitalcontent.api.tesco.com/v2/media/ghs/514bf458-0edf-4ee8-9c50-e16dde3230c4/snapshotimagehandler_195766128.jpeg?h=225&w=225
Jmob Doorstep White Bread 800G,€2.09,,€2.61/kg,https://www.tesco.ie/groceries/en-IE/products/252688698,https://digitalcontent.api.tesco.com/v2/media/ghs/f40b3c26-8229-409e-9b76-56c9c66332cd/snapshotimagehandler_1327924018.jpeg?h=225&w=225
Irish Pride Big Toast White Sl. 800G,€2.19,,€2.74/kg,https://www.tesco.ie/groceries/en-IE/products/250798749,https://digitalcontent.api.tesco.com/v2/media/ghs/2646728d-e5d6-484b-8c70-da53633c6941/snapshotimagehandler_1042782488.jpeg?h=225&w=225
Pat The Baker Sliced Pan White 800G,€1.99,€1.75 Clubcard Price,€2.49/kg,https://www.tesco.ie/groceries/en-IE/products/250837451,https://digitalcontent.api.tesco.com/v2/media/ghs/7bc42d68-c31d-4a3b-8fea-899c4b8a420c/de821fa1-2154-40df-b8f9-7d7a6a1f5faa_773610246.jpeg?h=225&w=225
Tesco Signature Large Loaf,€3.00,,€3.00/each,https://www.tesco.ie/groceries/en-IE/products/310142980,https://digitalcontent.api.tesco.com/v2/media/ghs/19dfb756-0be3-41c5-b036-548e6fe2ac07/bad31f5d-499c-4f95-a90d-75e26d420d01_635278800.jpeg?h=225&w=225
Staffords Pan White Large 750G,€2.99,,€3.99/kg,https://www.tesco.ie/groceries/en-IE/products/250807153,https://digitalcontent.api.tesco.com/v2/media/ghs/eed60556-3bbd-4039-b284-d223c8de2dd4/snapshotimagehandler_845269579.jpeg?h=225&w=225
Gallaghers Sourdough Rustic White Loaf 400G,€2.39,,€5.98/kg,https://www.tesco.ie/groceries/en-IE/products/308089890,https://digitalcontent.api.tesco.com/v2/media/ghs/a6efdfe8-71aa-4c95-8006-6b664e0bcb25/11aa28cb-bab6-4472-9393-9ff3bdf9175c_464418258.jpeg?h=225&w=225
Stafford's Bkry Tiger Cob 525G,€2.49,,€4.53/kg,https://www.tesco.ie/groceries/en-IE/products/276972889,https://digitalcontent.api.tesco.com/v2/media/ghs/6f6a4a3b-0e4e-44fd-bab6-b86c1acaea00/snapshotimagehandler_1027933751.jpeg?h=225&w=225
Brennans White Bloomer 800G,€2.25,,€2.81/kg,https://www.tesco.ie/groceries/en-IE/products/302782026,https://digitalcontent.api.tesco.com/v2/media/ghs/268f1bbc-31e6-44d6-824c-08b720ea3895/snapshotimagehandler_303260907.jpeg?h=225&w=225
Irish Pride Brioche Burger Buns 4 Pack 280G,€2.25,,€8.04/kg,https://www.tesco.ie/groceries/en-IE/products/304364311,https://digitalcontent.api.tesco.com/v2/media/ghs/e1f35c09-ba9f-4eeb-9d76-56573251708f/snapshotimagehandler_1742177961.jpeg?h=225&w=225
Johnston Mooney And Obrien Handy Toast 400G,€1.65,,€4.12/kg,https://www.tesco.ie/groceries/en-IE/products/262644810,https://digitalcontent.api.tesco.com/v2/media/ghs/e6ad4495-3076-4516-8979-2b8ae6505796/snapshotimagehandler_1888134594.jpeg?h=225&w=225
Jmob Bundy Gourmet Brioche Bun 4 Pack,€2.29,,€0.57/each,https://www.tesco.ie/groceries/en-IE/products/297685304,https://digitalcontent.api.tesco.com/v2/media/ghs/b555d9fe-024f-441d-9393-90292562c4bd/snapshotimagehandler_1401998106.jpeg?h=225&w=225
Staffords Bakery Crusty Brown Pan Sliced 700G,€2.99,,€4.27/kg,https://www.tesco.ie/groceries/en-IE/products/289820301,https://digitalcontent.api.tesco.com/v2/media/ghs/670ccfdc-10ed-4896-8db7-ccc782d0f0bc/snapshotimagehandler_393452201.jpeg?h=225&w=225
Staffords Bakery Traditional Fermented Turnover 500G,€3.29,,€6.58/kg,https://www.tesco.ie/groceries/en-IE/products/303227729,https://digitalcontent.api.tesco.com/v2/media/ghs/4e3103b1-9fb0-437f-bc65-e2366e00ea7e/09b8dcba-99da-4b9b-aa91-865ce7d597c9_163356548.jpeg?h=225&w=225
Stafford's Bkry Joannes Sliced Soda 720G,€3.79,,€4.74/kg,https://www.tesco.ie/groceries/en-IE/products/260025586,https://digitalcontent.api.tesco.com/v2/media/ghs/7b9635a5-f6fa-407e-987d-2b2e8b6708aa/snapshotimagehandler_763827484.jpeg?h=225&w=225
Brennans Good For All Pan 800G,€1.95,,€2.44/kg,https://www.tesco.ie/groceries/en-IE/products/267072856,https://digitalcontent.api.tesco.com/v2/media/ghs/9c0f1dd6-313a-4f33-af76-1628853311f5/snapshotimagehandler_1960383552.jpeg?h=225&w=225
Staffords Bakery Sliced Vienna 430G,€2.50,,€2.50/each,https://www.tesco.ie/groceries/en-IE/products/304696661,https://digitalcontent.api.tesco.com/v2/media/ghs/c74d286f-48df-42f0-b0a0-29138556ae15/snapshotimagehandler_1349509892.jpeg?h=225&w=225
Stafford's Bkry Sliced Farmhouse Brown 480G,€2.99,,€6.23/kg,https://www.tesco.ie/groceries/en-IE/products/255711200,https://digitalcontent.api.tesco.com/v2/media/ghs/1129534a-cfec-4ad3-9e00-3b5b402450d1/snapshotimagehandler_751547615.jpeg?h=225&w=225
Brennan's Half White Bloomer 400G,€1.65,,€4.12/kg,https://www.tesco.ie/groceries/en-IE/products/309886048,https://digitalcontent.api.tesco.com/v2/media/ghs/6e65d1de-d67c-4f87-90df-c7272764b9d7/5d1ccbd7-f45c-43ae-81a6-8bf116a253b2.jpeg?h=225&w=225
Brennans Half Batch 400G,€1.65,,€4.12/kg,https://www.tesco.ie/groceries/en-IE/products/285964422,https://digitalcontent.api.tesco.com/v2/media/ghs/6c0f9973-d50e-4218-a53e-451c3084fead/snapshotimagehandler_63457378.jpeg?h=225&w=225
Mccloskeys Bloomer Granary 800G,€3.25,,€4.06/kg,https://www.tesco.ie/groceries/en-IE/products/295026708,https://digitalcontent.api.tesco.com/v2/media/ghs/1183f4ae-3083-4c78-988f-5b3bf728a041/e89f924f-9dbc-43bc-9ebf-3321b0cb32d1_1324958935.jpeg?h=225&w=225
Brennans Bakehouse White S/Dough 400G,€2.75,,€6.88/kg,https://www.tesco.ie/groceries/en-IE/products/313958505,https://digitalcontent.api.tesco.com/v2/media/ghs/09c5d280-0d15-449b-8f82-cae5aef01c21/24eee1fe-85a4-4d33-b213-f1508b344044_1721696137.jpeg?h=225&w=225
Mccloskeys Bloomer White 800G,€3.25,,€4.06/kg,https://www.tesco.ie/groceries/en-IE/products/295026576,https://digitalcontent.api.tesco.com/v2/media/ghs/48d04309-5bdb-4c5a-b80c-d82687f0a1bc/5620d787-d07c-4503-87a6-5cf4276bddac_899561479.jpeg?h=225&w=225
Mccloskeys Bloomer Granary 400G,€1.95,,€4.88/kg,https://www.tesco.ie/groceries/en-IE/products/295026518,https://digitalcontent.api.tesco.com/v2/media/ghs/5eb788c3-2cd1-4f72-8a23-44b4f77c3064/e7fb5a76-7553-4f2e-ab28-6f33daa838b1_562147759.jpeg?h=225&w=225
Mccloskeys Bloomer White 400G,€1.95,,€4.88/kg,https://www.tesco.ie/groceries/en-IE/products/295026455,https://digitalcontent.api.tesco.com/v2/media/ghs/d0cbb754-b999-4761-a1cd-ee5c308db53e/d47b767a-5ea5-44f9-9459-d2d7ca88f51f_248166657.jpeg?h=225&w=225
Mccloskey's Sliced Tiger Bread 500G,€3.50,,€7.00/kg,https://www.tesco.ie/groceries/en-IE/products/315075711,https://digitalcontent.api.tesco.com/v2/media/ghs/8ca7d21d-f942-4046-9627-b13ad52787ef/b2ea7b2b-7c0a-49af-9d5c-814317d36f72_403831547.jpeg?h=225&w=225
Mccloskeys Hot Cross Buns 4 Pack,€2.75,,€0.69/each,https://www.tesco.ie/groceries/en-IE/products/277248703,https://digitalcontent.api.tesco.com/v2/media/ghs/306ebf3d-faa5-4f9c-9b2b-9f4487cfcaf4/bc97bf09-85e5-4bfd-a1d4-9fc5fa4727e9_1923153845.jpeg?h=225&w=225
Stapletons White Sourdough Loaf 600G,€2.15,,€3.58/kg,https://www.tesco.ie/groceries/en-IE/products/302687456,https://digitalcontent.api.tesco.com/v2/media/ghs/d9d1c8ce-08bd-4a44-99fc-eecf9a45717c/snapshotimagehandler_905653873.jpeg?h=225&w=225
Mccloskeys Rich Fruit Brack 550G,€5.00,,€9.09/kg,https://www.tesco.ie/groceries/en-IE/products/269123460,https://digitalcontent.api.tesco.com/v2/media/ghs/85d00207-ff72-4fe0-937c-c2c61a2268d1/6a62a1a3-9983-4682-9005-aff3fffdb2c3_136300397.jpeg?h=225&w=225
Manorhill Bakery Plain Scones 350G,€3.49,,€9.97/kg,https://www.tesco.ie/groceries/en-IE/products/282571963,https://digitalcontent.api.tesco.com/v2/media/ghs/978e4cae-9523-444e-b32e-cd2419542697/snapshotimagehandler_1411570616.jpeg?h=225&w=225
Brennans Bakehouse Seeded Soda 500G,€2.75,,€5.50/kg,https://www.tesco.ie/groceries/en-IE/products/311795700,https://digitalcontent.api.tesco.com/v2/media/ghs/de899bd4-623b-4240-9884-420b070ca974/b93dde76-7527-4aba-81d8-105fc772f678_1295287667.jpeg?h=225&w=225
Staffords Bakery Crusty Vienna 430G,€2.50,,€2.50/each,https://www.tesco.ie/groceries/en-IE/products/304696649,https://digitalcontent.api.tesco.com/v2/media/ghs/e7134b8f-1f59-4cbe-99c3-53abeb353ceb/snapshotimagehandler_721603762.jpeg?h=225&w=225
Batch Large 650G,€2.35,,€3.62/kg,https://www.tesco.ie/groceries/en-IE/products/264299627,https://digitalcontent.api.tesco.com/v2/media/ghs-mktg/b0b04216-fa73-466d-a9d7-c9fcfa1ce9b3/no-image.jpeg
Brennans Half Toast 400G,€1.49,,€3.72/kg,https://www.tesco.ie/groceries/en-IE/products/250202048,https://digitalcontent.api.tesco.com/v2/media/ghs-mktg/b0b04216-fa73-466d-a9d7-c9fcfa1ce9b3/no-image.jpeg
Staffords Basket Bread 350G,€1.55,,€4.43/kg,https://www.tesco.ie/groceries/en-IE/products/281385684,https://digitalcontent.api.tesco.com/v2/media/ghs-mktg/b0b04216-fa73-466d-a9d7-c9fcfa1ce9b3/no-image.jpeg
