Title,Price,Promotional Price,Price Per,Product URL,Image URL
Tesco 100% Pure Orange Juice Smooth 1 Litre,€2.00,,€2.00/litre,https://www.tesco.ie/groceries/en-IE/products/259151850,https://digitalcontent.api.tesco.com/v2/media/ghs/16d72837-82a7-414d-8c03-1ed502f0b438/1e318455-353f-4558-9d9e-247bdec03f83.jpeg?h=225&w=225
Tesco 100% Pure Squeezed Orange Juice With Bits 1 Litre,€2.00,,€2.00/litre,https://www.tesco.ie/groceries/en-IE/products/258997144,https://digitalcontent.api.tesco.com/v2/media/ghs/e1442c39-789f-4b96-a107-2a5f32a602dc/9033ed40-aa0c-4e71-9bbd-5a64b737a9e4.jpeg?h=225&w=225
Tesco Pressed Apple Juice Not From Concentrate 1 Litre,€2.00,,€2.00/litre,https://www.tesco.ie/groceries/en-IE/products/258997737,https://digitalcontent.api.tesco.com/v2/media/ghs/e3aa79a2-752d-492f-aeac-86ff84e15261/snapshotimagehandler_420575501.jpeg?h=225&w=225
Innocent Orange Juice Smooth 900Ml,€3.75,Any 2 for €5.50 Clubcard Price - Selected Innocent Fruit And Vegetable Juice,€4.17/litre,https://www.tesco.ie/groceries/en-IE/products/268218386,https://digitalcontent.api.tesco.com/v2/media/ghs/14fdc4b8-9042-4419-a549-1c5c79918a46/66929f34-2f5c-4fdd-82b9-7dd95abaebb8.jpeg?h=225&w=225
Growers Harvest Pure Apple Juice 2 Litre,€1.95,,€0.98/litre,https://www.tesco.ie/groceries/en-IE/products/300474095,https://digitalcontent.api.tesco.com/v2/media/ghs/5780f089-6220-400b-a418-09206acadde9/c7fb121f-b420-424f-a7fb-992a2b20520e.jpeg?h=225&w=225
Tesco Orange Juice Smooth Not From Concentrate 1.75L,€2.85,,€1.63/litre,https://www.tesco.ie/groceries/en-IE/products/306949383,https://digitalcontent.api.tesco.com/v2/media/ghs/64b5803f-70ac-4084-9e03-c2df8c2347d8/snapshotimagehandler_1881129001.jpeg?h=225&w=225
Tesco Apple Juice Not From Concentrate 1.75L,€2.85,,€1.63/litre,https://www.tesco.ie/groceries/en-IE/products/306934417,https://digitalcontent.api.tesco.com/v2/media/ghs/7edfe678-b0e9-45e1-8090-74af11e37d67/e3ed353c-8fc3-4cde-990b-9a4de74eb0a2_591484623.jpeg?h=225&w=225
Tesco 100% Pressed Apple & Mango Juice 1 Litre,€2.00,,€2.00/litre,https://www.tesco.ie/groceries/en-IE/products/276956454,https://digitalcontent.api.tesco.com/v2/media/ghs/eea08b1e-cf7d-4eb3-b017-e216d3e073bf/ee427655-65db-495f-9329-4f08c0f16c53.jpeg?h=225&w=225
Innocent Orange Juice Smooth 1.35 Litre,€4.99,Any 2 for €7 Clubcard Price - Selected Innocent Juice,€3.70/litre,https://www.tesco.ie/groceries/en-IE/products/271400233,https://digitalcontent.api.tesco.com/v2/media/ghs/e9a9b9cd-ad3b-4624-b4c1-e773fc09741c/ddd4a575-e277-467c-b62c-18121727e65c.jpeg?h=225&w=225
Tesco 100% Pure Pineapple Juice 1 Litre,€2.00,,€2.00/litre,https://www.tesco.ie/groceries/en-IE/products/276956212,https://digitalcontent.api.tesco.com/v2/media/ghs/ae12342d-cfb8-4911-a0f4-eb31378ecce7/a61e5758-9d36-4a24-91e0-0b25fdad252a_612148850.jpeg?h=225&w=225
Innocent Apple Juice 900Ml,€3.75,Any 2 for €5.50 Clubcard Price - Selected Innocent Fruit And Vegetable Juice,€4.17/litre,https://www.tesco.ie/groceries/en-IE/products/268219251,https://digitalcontent.api.tesco.com/v2/media/ghs/dc3e1819-b2b3-4718-a462-9dee373ceef6/c2e1094c-588d-4db0-97de-77c0e53b3c6e.jpeg?h=225&w=225
Tesco 100% Squeezed & Pressed Orange & Mango Juice 1 Litre,€2.00,,€2.00/litre,https://www.tesco.ie/groceries/en-IE/products/264959141,https://digitalcontent.api.tesco.com/v2/media/ghs/80b85c8e-f28b-4451-b9e4-8b1ce5f79a83/c84d8a7d-cd56-47d3-bd58-dc6a5cde0a8a.jpeg?h=225&w=225
Tesco Finest* Freshly Squeezed Orange Juice 1L,€2.49,,€2.49/litre,https://www.tesco.ie/groceries/en-IE/products/295929625,https://digitalcontent.api.tesco.com/v2/media/ghs/82b87265-007a-4e69-9ca6-0aab38dfa0c1/snapshotimagehandler_760259708.jpeg?h=225&w=225
Happy Monkey Smoothies Strawberry & Banana 4 x 180ml,€3.25,€2.50 Clubcard Price,€4.51/litre,https://www.tesco.ie/groceries/en-IE/products/265160818,https://digitalcontent.api.tesco.com/v2/media/ghs/dcb13bad-7469-4363-8b0f-96b5bad3953e/b1bb09bf-f631-441c-b0bf-9af12a959862.jpeg?h=225&w=225
"Tesco Apple, Lemon & Ginger Juice 1L",€2.00,,€2.00/litre,https://www.tesco.ie/groceries/en-IE/products/306801166,https://digitalcontent.api.tesco.com/v2/media/ghs/70a53ea4-e75a-4e7d-9fd0-9751f4987ff3/8fd1f776-daa6-486f-ab82-587c099a74cf_2118214732.jpeg?h=225&w=225
Happy Monkey Smoothies Apple & Blackcurrant 180ml,€3.25,€2.50 Clubcard Price,€4.51/litre,https://www.tesco.ie/groceries/en-IE/products/283293639,https://digitalcontent.api.tesco.com/v2/media/ghs/43fce400-a29c-45a3-bb33-de7486ce3bae/eeed1a9a-e3d3-45b0-9af7-227c30fb2d72_1629803712.jpeg?h=225&w=225
Growers Harvest Orange Juice Smooth 2L,Currently out of stock,,,https://www.tesco.ie/groceries/en-IE/products/300474469,https://digitalcontent.api.tesco.com/v2/media/ghs/5fa62e04-f9f0-480b-8ad4-1ecf42532a7c/e55b3ab4-3570-41ae-9fa7-0b6eee28b00d.jpeg?h=225&w=225
Happy Monkey Smoothies Orange & Mango 4 x 180ml,€3.25,€2.50 Clubcard Price,€4.51/litre,https://www.tesco.ie/groceries/en-IE/products/265161034,https://digitalcontent.api.tesco.com/v2/media/ghs/743e1eec-7976-4f33-8a54-3be32383d662/1f3292ab-d9b2-44d6-b671-d848d33a5452.jpeg?h=225&w=225
Innocent Tropical Juice 900Ml,€3.75,Any 2 for €5.50 Clubcard Price - Selected Innocent Fruit And Vegetable Juice,€4.17/litre,https://www.tesco.ie/groceries/en-IE/products/272488576,https://digitalcontent.api.tesco.com/v2/media/ghs/a4ba5ffd-cc36-4be1-bdc8-468628c48362/ede25543-bd8b-4fcb-9d4c-3e7d61f3d0fd.jpeg?h=225&w=225
Growers Harvest Tropical Juice Drink 2L,€1.95,,€0.98/litre,https://www.tesco.ie/groceries/en-IE/products/300473447,https://digitalcontent.api.tesco.com/v2/media/ghs/455d626c-0d90-4a12-97ca-9dd4c1567510/eab7671b-cc2b-48e5-a6ee-75c617a37e2e_896269709.jpeg?h=225&w=225
Innocent Apple Juice 1.35 Litre,€4.99,Any 2 for €7 Clubcard Price - Selected Innocent Juice,€3.70/litre,https://www.tesco.ie/groceries/en-IE/products/272489114,https://digitalcontent.api.tesco.com/v2/media/ghs/43ecff4c-c807-4cfd-9e0a-dd0e6eb0f6e5/879dac26-6602-498a-9b39-15e807e68c48.jpeg?h=225&w=225
Innocent Orange Juice With Bits 900Ml,€3.75,Any 2 for €5.50 Clubcard Price - Selected Innocent Fruit And Vegetable Juice,€4.17/litre,https://www.tesco.ie/groceries/en-IE/products/268219959,https://digitalcontent.api.tesco.com/v2/media/ghs/22de3e8a-b16b-42d0-8d48-f9d5d3e67f3b/0d3538b8-feac-4178-a306-8200d3994bfa.jpeg?h=225&w=225
Innocent Apple & Raspberry Juice 900Ml,€3.75,Any 2 for €5.50 Clubcard Price - Selected Innocent Fruit And Vegetable Juice,€4.17/litre,https://www.tesco.ie/groceries/en-IE/products/272488207,https://digitalcontent.api.tesco.com/v2/media/ghs/5770dbe2-b850-4a53-a7ed-e54282d265be/ffe18f52-485d-4f32-bdd4-b4c4852ecc15.jpeg?h=225&w=225
Innocent Kids Apple Juice 4X150ml,€3.99,€3.00 Clubcard Price,€6.65/litre,https://www.tesco.ie/groceries/en-IE/products/305530240,https://digitalcontent.api.tesco.com/v2/media/ghs/1748a6ac-de73-41c7-af4a-1931b259f4e2/f6b2204e-6b9e-4a38-9f15-109359c1ed18_1363084407.jpeg?h=225&w=225
Innocent Orange Juice With Bits 1.35 Litre,€4.99,Any 2 for €7 Clubcard Price - Selected Innocent Juice,€3.70/litre,https://www.tesco.ie/groceries/en-IE/products/271400354,https://digitalcontent.api.tesco.com/v2/media/ghs/e438f766-936c-427d-9fed-1c419bc74c6d/72ee9279-371c-4398-a062-f43e5babce16.jpeg?h=225&w=225
Tesco Orange Juice With Bits Not From Concentrate 1.75L,€2.85,,€1.63/litre,https://www.tesco.ie/groceries/en-IE/products/306950569,https://digitalcontent.api.tesco.com/v2/media/ghs/d4edc012-9751-49e0-8177-6bb273d2adb9/snapshotimagehandler_1535115285.jpeg?h=225&w=225
Tropicana Smooth Orange Juice 1.5L,€4.99,,€3.33/litre,https://www.tesco.ie/groceries/en-IE/products/313858318,https://digitalcontent.api.tesco.com/v2/media/ghs/9af9a508-5ed0-4d91-a53b-511f1ecd5a02/fb580005-3f90-4627-a916-a978d12611d7.jpeg?h=225&w=225
Innocent Orange And Carrot Juice Blend 900Ml,€3.75,Any 2 for €5.50 Clubcard Price - Selected Innocent Fruit And Vegetable Juice,€4.17/litre,https://www.tesco.ie/groceries/en-IE/products/301627392,https://digitalcontent.api.tesco.com/v2/media/ghs/a85d609c-6f7b-422e-8786-e673612cf563/78599531-14a2-4c8f-9117-7619f67d9cb3_2044078036.jpeg?h=225&w=225
Tropicana Tropical Juice 850Ml,€3.75,€3.00 Clubcard Price,€4.41/litre,https://www.tesco.ie/groceries/en-IE/products/287295032,https://digitalcontent.api.tesco.com/v2/media/ghs/0bc087c4-f13a-4d59-bdd4-39b38687bc23/e32754ed-a209-4fcf-a13e-f205af5d6b8f.jpeg?h=225&w=225
Vita Coco Natural Coconut Water 1 Litre,€4.89,€3.00 Clubcard Price,€4.89/litre,https://www.tesco.ie/groceries/en-IE/products/268094074,https://digitalcontent.api.tesco.com/v2/media/ghs/c6c68ff8-8add-440a-90d4-e3bdb5635d6c/b87144c9-8563-4082-ad82-6f58a4732ace_2083483680.jpeg?h=225&w=225
Tesco 100% Pressed Tomato Juice 1 Litre,€2.00,,€2.00/litre,https://www.tesco.ie/groceries/en-IE/products/293945270,https://digitalcontent.api.tesco.com/v2/media/ghs/4ca51e5f-9854-4538-b46f-673d200de04d/132ff8a2-fe79-4230-ad55-88ed82498546.jpeg?h=225&w=225
Tropicana Pineapple Juice 850Ml,€3.75,€3.00 Clubcard Price,€4.41/litre,https://www.tesco.ie/groceries/en-IE/products/287294534,https://digitalcontent.api.tesco.com/v2/media/ghs/a6bea4ea-c04d-4e20-91d1-d3752e1b4de5/c9860da8-1ccb-4202-b1a2-61e6d2568e03.jpeg?h=225&w=225
Innocent Tropical Juice 1.35 Litre,€4.99,Any 2 for €7 Clubcard Price - Selected Innocent Juice,€3.70/litre,https://www.tesco.ie/groceries/en-IE/products/276685837,https://digitalcontent.api.tesco.com/v2/media/ghs/fe8cba43-6bad-41e4-b673-177f536a7312/9c1ccbbd-960b-4ffa-b5a9-5fbb97598a5c.jpeg?h=225&w=225
Tropicana Orange & Mango Juice 850Ml,€3.75,€3.00 Clubcard Price,€4.41/litre,https://www.tesco.ie/groceries/en-IE/products/287294655,https://digitalcontent.api.tesco.com/v2/media/ghs/743d3718-2820-44d7-bb4b-049449d730bf/0c98c246-0f1a-4a4f-af6e-63882d0e83f0.jpeg?h=225&w=225
Tropicana Orange Juice Smooth 300Ml,€1.80,Meal Deal for €4.49 - Buy Any 1 Pasta Or Wrap Or Sandwich Or Salad Or Sushi & 1 Crisp Or Fruit & 1 Drink,€6.00/litre,https://www.tesco.ie/groceries/en-IE/products/287438170,https://digitalcontent.api.tesco.com/v2/media/ghs/fce4326a-820d-45f3-a36d-c453207507ea/2ada0ba1-e85b-41b0-8901-3af4302244fa.jpeg?h=225&w=225
Innocent Strawberry & Banana Smoothie 250 Ml,€2.75,Meal Deal for €4.49 - Buy Any 1 Pasta Or Wrap Or Sandwich Or Salad Or Sushi & 1 Crisp Or Fruit & 1 Drink,€11.00/litre,https://www.tesco.ie/groceries/en-IE/products/253845148,https://digitalcontent.api.tesco.com/v2/media/ghs/c2723bc1-a5b3-4615-97a6-64926891ec89/cd669ef8-177f-4088-a0fa-dbc16fb45e93.jpeg?h=225&w=225
Tesco Pomegranate Crush Fruit Smoothie 750Ml,€2.49,,€3.32/litre,https://www.tesco.ie/groceries/en-IE/products/305970185,https://digitalcontent.api.tesco.com/v2/media/ghs/8969e47e-0f5b-4102-8eb0-e35266d11231/8354c77a-9c2c-4b8a-9427-1a738efdec26_1952702251.jpeg?h=225&w=225
Tesco Pineapple Paradise Fruit Smoothie 750Ml,€2.49,,€3.32/litre,https://www.tesco.ie/groceries/en-IE/products/305948408,https://digitalcontent.api.tesco.com/v2/media/ghs/7adb4319-aa01-4112-8485-0902154c6815/476f15ae-3b8c-4bd6-9812-fad01dca7696_1386684017.jpeg?h=225&w=225
Innocent Bolt From The Blue Juice 750Ml,€3.99,,€5.32/litre,https://www.tesco.ie/groceries/en-IE/products/303415189,https://digitalcontent.api.tesco.com/v2/media/ghs/7c616114-7478-43ef-9e13-a0630075ba62/f3ece58d-03b1-411a-97a2-db4601fb47b5.jpeg?h=225&w=225
Copella Apple Juice 900Ml,€3.89,,€4.32/litre,https://www.tesco.ie/groceries/en-IE/products/288306532,https://digitalcontent.api.tesco.com/v2/media/ghs/3c305ccd-c631-4896-916a-43aba544f0bb/47ace1a4-db3c-4255-8238-42d4bd9a5818.jpeg?h=225&w=225
Innocent Berry Set Go Juice 330Ml,€2.59,Meal Deal for €4.49 - Buy Any 1 Pasta Or Wrap Or Sandwich Or Salad Or Sushi & 1 Crisp Or Fruit & 1 Drink,€7.85/litre,https://www.tesco.ie/groceries/en-IE/products/303415069,https://digitalcontent.api.tesco.com/v2/media/ghs/0d2fa7ca-f15b-4182-ae05-5174ac901fdd/f1e6da0b-3704-4911-b895-fa67b15c7143.jpeg?h=225&w=225
Innocent Bolt From Blue Juice 330Ml,€2.59,Meal Deal for €4.49 - Buy Any 1 Pasta Or Wrap Or Sandwich Or Salad Or Sushi & 1 Crisp Or Fruit & 1 Drink,€7.85/litre,https://www.tesco.ie/groceries/en-IE/products/303415109,https://digitalcontent.api.tesco.com/v2/media/ghs/8a355e8f-a445-47a5-bbef-b057e08aea7c/0786331d-4efa-47bc-83b4-5d1bf242c566.jpeg?h=225&w=225
Innocent Wonder Green Juice 750Ml,€3.99,,€5.32/litre,https://www.tesco.ie/groceries/en-IE/products/303415167,https://digitalcontent.api.tesco.com/v2/media/ghs/02fe451b-377e-4002-9524-6fa2045b2ba5/3fc532bb-ff97-4fc3-88e8-c43d8d0c2cee.jpeg?h=225&w=225
innocent Smoothie Blueberries Peaches & Apples 750ml,€4.29,€3.50 Clubcard Price,€5.72/litre,https://www.tesco.ie/groceries/en-IE/products/308113706,https://digitalcontent.api.tesco.com/v2/media/ghs/0460d44b-996b-42fa-a460-80a323200066/9e2ff0b0-78f4-45b4-94ee-241a722dae42.jpeg?h=225&w=225
innocent Smoothie Guavas Pineapples & Apples 750ml,€4.29,€3.50 Clubcard Price,€5.72/litre,https://www.tesco.ie/groceries/en-IE/products/307741199,https://digitalcontent.api.tesco.com/v2/media/ghs/a7a05a39-7132-4048-bd1c-de3af3176477/89c34493-47e6-4291-bebb-1b5863f3025f.jpeg?h=225&w=225
Innocent Citrus Shield Juice 750Ml,€3.99,,€5.32/litre,https://www.tesco.ie/groceries/en-IE/products/303415144,https://digitalcontent.api.tesco.com/v2/media/ghs/f9a72f15-34ab-4d11-85fc-4acfd066f26d/e3f5ba74-6a4f-4c98-9332-19f2f17667ab.jpeg?h=225&w=225
Innocent Berry Set Go Juice 750Ml,€3.99,,€5.32/litre,https://www.tesco.ie/groceries/en-IE/products/303415121,https://digitalcontent.api.tesco.com/v2/media/ghs/57b4bea6-cabe-4df9-8d9d-4b2b1000ce5e/fe5620f2-30dc-49a4-a4ac-73a9a27be8e5.jpeg?h=225&w=225
innocent Smoothie Strawberries Pineapples & Apples 750ml,€4.29,€3.50 Clubcard Price,€5.72/litre,https://www.tesco.ie/groceries/en-IE/products/308110449,https://digitalcontent.api.tesco.com/v2/media/ghs/832125c3-4356-4685-ad50-7c7220116217/35d6845e-2b48-4396-9a58-7440d29f2bbb.jpeg?h=225&w=225
Tropicana Original Orange Fruit Juice With Bits 1.5L,€4.99,,€3.33/litre,https://www.tesco.ie/groceries/en-IE/products/313757081,https://digitalcontent.api.tesco.com/v2/media/ghs/a1dd7d25-aa76-4739-9b2b-4f98997cc9b9/e6a83a0d-aa40-498b-a839-adce9671c368.jpeg?h=225&w=225
Innocent Coconut Water 1 Litre,€4.89,,€4.89/litre,https://www.tesco.ie/groceries/en-IE/products/288178112,https://digitalcontent.api.tesco.com/v2/media/ghs/4855ca24-63d6-4d7e-8b44-52bcfe32a59b/d92dc210-1071-4745-803b-4615b85aa55f_1516656346.jpeg?h=225&w=225
Tropicana Pressed Apple Fruit Juice 1.5L,€4.99,,€3.33/litre,https://www.tesco.ie/groceries/en-IE/products/314424151,https://digitalcontent.api.tesco.com/v2/media/ghs/93a9e7e8-e179-4571-9963-2115b877a7fc/91a19ea5-99da-4cd0-9f5a-e802da972671.jpeg?h=225&w=225
Ocean Spray Original Cranberry Juice 1 Litre,€1.99,,€1.99/litre,https://www.tesco.ie/groceries/en-IE/products/256008156,https://digitalcontent.api.tesco.com/v2/media/ghs/fd76e996-0a2e-4659-b24f-bcd2f4c5fdde/213a774f-e001-4711-9bef-d7297be47819_1621748562.jpeg?h=225&w=225
Tropicana Orange Juice Original 300 Ml,€1.80,Meal Deal for €4.49 - Buy Any 1 Pasta Or Wrap Or Sandwich Or Salad Or Sushi & 1 Crisp Or Fruit & 1 Drink,€6.00/litre,https://www.tesco.ie/groceries/en-IE/products/287438135,https://digitalcontent.api.tesco.com/v2/media/ghs/9201dfcf-dc56-4917-ade8-5004fec54385/7fa44a45-72da-4cb0-900d-77e3454cb40c.jpeg?h=225&w=225
Innocent Wonder Green Juice 330Ml,€2.59,Meal Deal for €4.49 - Buy Any 1 Pasta Or Wrap Or Sandwich Or Salad Or Sushi & 1 Crisp Or Fruit & 1 Drink,€7.85/litre,https://www.tesco.ie/groceries/en-IE/products/303415081,https://digitalcontent.api.tesco.com/v2/media/ghs/0b37a2e4-8118-4df0-8373-e3ff5e46a9a4/f874b5d6-cd2c-46c2-a48c-8cdf8826ca20.jpeg?h=225&w=225
Tropicana Orange & Mango Juice 300Ml,€1.80,Meal Deal for €4.49 - Buy Any 1 Pasta Or Wrap Or Sandwich Or Salad Or Sushi & 1 Crisp Or Fruit & 1 Drink,€6.00/litre,https://www.tesco.ie/groceries/en-IE/products/287439094,https://digitalcontent.api.tesco.com/v2/media/ghs/374926c2-cdff-4eb1-9fde-0ebfae071e75/ad33570b-5005-4e48-a44a-2b7955c7dfb9.jpeg?h=225&w=225
Vita Coco 100% Natural Coconut Water 330Ml,€2.66,Meal Deal for €4.49 - Buy Any 1 Pasta Or Wrap Or Sandwich Or Salad Or Sushi & 1 Crisp Or Fruit & 1 Drink,€8.06/litre,https://www.tesco.ie/groceries/en-IE/products/274348209,https://digitalcontent.api.tesco.com/v2/media/ghs/ebb86a2f-fe43-4a07-9e94-ce376c8b63fd/5791021b-78a6-4ec1-906c-81d75bc7ee0f_1451777106.jpeg?h=225&w=225
Copella Apple Juice 300Ml,€2.25,Meal Deal for €4.49 - Buy Any 1 Pasta Or Wrap Or Sandwich Or Salad Or Sushi & 1 Crisp Or Fruit & 1 Drink,€7.50/litre,https://www.tesco.ie/groceries/en-IE/products/287438020,https://digitalcontent.api.tesco.com/v2/media/ghs/4d2005e0-1bcb-4a5a-96ee-d1639ae22173/bd6f2aeb-0bbb-4b24-9726-7a4aac2d102f.jpeg?h=225&w=225
SiSú Digestion Cold-Pressed 60ml Shot,€2.95,,€49.17/litre,https://www.tesco.ie/groceries/en-IE/products/314935266,https://digitalcontent.api.tesco.com/v2/media/ghs/e82eec62-d373-4fed-ad48-1a7d49eaae1a/a2f9bf96-bed6-44b3-abae-1736fd574933_365342867.jpeg?h=225&w=225
Innocent Energise Super Smoothie 300Ml,€3.19,€2.50 Clubcard Price,€10.63/litre,https://www.tesco.ie/groceries/en-IE/products/305518993,https://digitalcontent.api.tesco.com/v2/media/ghs/6ef3416a-501b-448b-8e39-3c8eded94c93/9500422f-bed1-4b08-9978-11064260f9c3.jpeg?h=225&w=225
Tropicana Plus Berry Boost Juice Drink 750Ml,€3.99,,€5.32/litre,https://www.tesco.ie/groceries/en-IE/products/307133373,https://digitalcontent.api.tesco.com/v2/media/ghs/601d544d-9ce6-4029-b6d9-fc59a7363cee/9705bb24-1adf-43bf-93f9-07dc2dfd8088.jpeg?h=225&w=225
Tropicana Plus Viva Vitality Fruit Drink 750Ml,€3.99,,€5.32/litre,https://www.tesco.ie/groceries/en-IE/products/307137829,https://digitalcontent.api.tesco.com/v2/media/ghs/918a3c1e-b5cc-42c7-a051-4bf80f8e3332/8664a632-1965-4fa3-bf78-5cb1487f734e.jpeg?h=225&w=225
