Title,Price,Promotional Price,Price Per,Product URL,Image URL
Hearty Food Co. Garlic Baguette 170G,€0.34,,€2.00/kg,https://www.tesco.ie/groceries/en-IE/products/300917822,https://digitalcontent.api.tesco.com/v2/media/ghs/05d3808e-b9f3-4374-ad8a-48a33a7e0542/07ce576a-b80a-4d6e-aadc-63dcb381805d.jpeg?h=225&w=225
Cully & Sully Chicken & Vegetable Soup 400G,€2.89,Any 3 for €5 Clubcard Price - Selected Cheese Or Fresh Soup Or Meat Or Yogurt & Desserts,€7.22/kg,https://www.tesco.ie/groceries/en-IE/products/263663706,https://digitalcontent.api.tesco.com/v2/media/ghs/22a5bc73-8d95-4ab2-ac61-6e646567f04b/d84d509b-c769-456a-9b7f-37f6e775ee40.jpeg?h=225&w=225
Pizza Da Piero Fresh Pizza Base 280G,€3.99,,€14.25/kg,https://www.tesco.ie/groceries/en-IE/products/278656299,https://digitalcontent.api.tesco.com/v2/media/ghs/25e72c62-145a-43de-81b6-2ec5300792d8/snapshotimagehandler_275943904.jpeg?h=225&w=225
Tesco 2 Garlic Baguettes 410g,€1.50,,€3.66/kg,https://www.tesco.ie/groceries/en-IE/products/307362677,https://digitalcontent.api.tesco.com/v2/media/ghs/aafc72fb-ecf3-46da-b0b3-78c56581a513/82eaf410-7d16-4618-ae35-e01cf410c6ed.jpeg?h=225&w=225
Tesco Chicken And Vegetable Soup 400G,€1.80,,€4.50/kg,https://www.tesco.ie/groceries/en-IE/products/300822611,https://digitalcontent.api.tesco.com/v2/media/ghs/d1e3688a-082a-41b6-a407-4adccd6c63c5/snapshotimagehandler_508802452.jpeg?h=225&w=225
Tesco Pizza Pepperoni 120G,€1.46,,€12.17/kg,https://www.tesco.ie/groceries/en-IE/products/291124830,https://digitalcontent.api.tesco.com/v2/media/ghs/d903fd07-907d-42a3-a042-0c9d6d316062/0e2491ca-e9e8-4662-b5bf-46409af086c2.jpeg?h=225&w=225
Cully And Sully Tomato & Basil Soup 400 G,€2.89,Any 3 for €5 Clubcard Price - Selected Cheese Or Fresh Soup Or Meat Or Yogurt & Desserts,€7.22/kg,https://www.tesco.ie/groceries/en-IE/products/263663739,https://digitalcontent.api.tesco.com/v2/media/ghs/8a4b640b-4d83-485f-ae1b-cc2265947134/cd93e8af-7ecc-4b48-a60f-56507e590264.jpeg?h=225&w=225
Tesco Tomato And Basil Soup 400G,€1.80,,€4.50/kg,https://www.tesco.ie/groceries/en-IE/products/300822732,https://digitalcontent.api.tesco.com/v2/media/ghs/7941ed5a-4fe9-4c90-90de-3605aa3e0881/snapshotimagehandler_465777348.jpeg?h=225&w=225
Cully & Sully Vegetable Soup 400G,€2.89,Any 3 for €5 Clubcard Price - Selected Cheese Or Fresh Soup Or Meat Or Yogurt & Desserts,€7.22/kg,https://www.tesco.ie/groceries/en-IE/products/259852850,https://digitalcontent.api.tesco.com/v2/media/ghs/bc43b506-8064-485f-b30e-fa4ff2644106/888ad9ef-e9b0-4dee-8174-e39a67a334f0_1479937494.jpeg?h=225&w=225
Tesco Pepperoni Pizza 280G,€2.50,,€8.93/kg,https://www.tesco.ie/groceries/en-IE/products/310675389,https://digitalcontent.api.tesco.com/v2/media/ghs/97379cbd-5ac6-4b1c-be33-dbd4e01fbb6e/e32e2c9a-29a8-4068-b3f4-349508b5b40c_447343563.jpeg?h=225&w=225
Tesco Vegetable Soup 400G,€1.80,,€4.50/kg,https://www.tesco.ie/groceries/en-IE/products/300822679,https://digitalcontent.api.tesco.com/v2/media/ghs/2fbef6c7-ff8e-4d30-8d4b-ad977372d458/snapshotimagehandler_1976732804.jpeg?h=225&w=225
Tesco Spinach & Ricotta Fresh Tortelloni 300g,€2.75,Any 3 for 2 Clubcard Price - Cheapest Product Free - Selected Tesco Garlic & Cheese Breads Or Fresh Pasta Or Fresh Pasta Sauces,€9.17/kg,https://www.tesco.ie/groceries/en-IE/products/299829340,https://digitalcontent.api.tesco.com/v2/media/ghs/0c06ba47-952b-488c-bec7-b0312c9e0065/4998464d-330f-453d-b1d0-c36c013a0439.jpeg?h=225&w=225
Tesco Finest Potato Gratin 400G,€3.50,,€8.75/kg,https://www.tesco.ie/groceries/en-IE/products/309496734,https://digitalcontent.api.tesco.com/v2/media/ghs/6666c821-2036-4381-bb7a-b3cc6de7f5de/84637d69-3033-4093-b002-424193b769ca_1338511496.jpeg?h=225&w=225
Avonmore Fresh Chicken And Vegetable Soup 400G,€2.49,€2.00 Clubcard Price,€6.22/litre,https://www.tesco.ie/groceries/en-IE/products/260792504,https://digitalcontent.api.tesco.com/v2/media/ghs/691a696a-663c-47f7-9743-25c31b0feff8/ab650265-2e9c-4838-81b7-80d599d80023_1320651425.jpeg?h=225&w=225
Tesco Stone Baked Margherita Pizza 252G,€2.50,,€9.92/kg,https://www.tesco.ie/groceries/en-IE/products/310691749,https://digitalcontent.api.tesco.com/v2/media/ghs/44f868ae-97d9-4a84-af13-c64e18d1c64a/ac753da7-d9a0-4a33-9ee4-ca3c4e445ed3_696606680.jpeg?h=225&w=225
Tesco Finest Basil Pesto 130G,€3.00,,€23.08/kg,https://www.tesco.ie/groceries/en-IE/products/267023345,https://digitalcontent.api.tesco.com/v2/media/ghs/ef31e40a-260a-4e9a-bdf5-5761b38e4a02/676f7df6-72b5-44a8-a999-bff74a760ca6.jpeg?h=225&w=225
Mash Direct Mashed Potato 400G,€2.40,Any 3 for €6 Clubcard Price - Selected Mash Direct Ready Meals 280g-400g,€6.00/kg,https://www.tesco.ie/groceries/en-IE/products/260715563,https://digitalcontent.api.tesco.com/v2/media/ghs/2d725c02-4541-47bf-b675-67a28c262397/46d295fd-d40b-46cf-8375-6dc4341c2910.jpeg?h=225&w=225
Tesco Garlic Flatbread 255G,€2.00,Any 3 for 2 Clubcard Price - Cheapest Product Free - Selected Tesco Garlic & Cheese Breads Or Fresh Pasta Or Fresh Pasta Sauces,€7.84/kg,https://www.tesco.ie/groceries/en-IE/products/288610223,https://digitalcontent.api.tesco.com/v2/media/ghs/b3fee48f-23e2-4f1d-bdc9-b24e30f017b0/1a52c55b-919d-4fdf-b144-a372c08798ee.jpeg?h=225&w=225
Tesco Meals Made Easy Beef Lasagne 1Kg,€7.00,Any 2 for €12.50 Clubcard Price - Selected Tesco Meals Made Easy Products 1kg,€7.00/kg,https://www.tesco.ie/groceries/en-IE/products/300771048,https://digitalcontent.api.tesco.com/v2/media/ghs/1f48a77f-ad8c-4048-b17c-3f17d5a586ec/2d4c09e6-cd00-4b45-b6b5-9b9da8a4aa01_544670138.jpeg?h=225&w=225
Tesco Tomato & Mascarpone Sauce 350G,€2.00,Any 3 for 2 Clubcard Price - Cheapest Product Free - Selected Tesco Garlic & Cheese Breads Or Fresh Pasta Or Fresh Pasta Sauces,€5.71/kg,https://www.tesco.ie/groceries/en-IE/products/253174037,https://digitalcontent.api.tesco.com/v2/media/ghs/dc4e94a8-cce6-462e-847f-c5908f1ff62f/42ae034e-a428-45aa-be3d-2bd4d7b8a6a5.jpeg?h=225&w=225
"Tesco Garlic Ciabatta Slice 8 Pack, 360 G",€2.50,Any 3 for 2 Clubcard Price - Cheapest Product Free - Selected Tesco Garlic & Cheese Breads Or Fresh Pasta Or Fresh Pasta Sauces,€6.94/kg,https://www.tesco.ie/groceries/en-IE/products/267114791,https://digitalcontent.api.tesco.com/v2/media/ghs/8ba960c3-35cd-47cb-8245-13d0c7054b3b/38e6483c-9f03-495a-8736-7dcc5948257e.jpeg?h=225&w=225
Carroll's Garlic Butter Baguette 175G,€2.59,€2.00 Clubcard Price,€14.80/kg,https://www.tesco.ie/groceries/en-IE/products/306500194,https://digitalcontent.api.tesco.com/v2/media/ghs/f9d07b44-4cbe-4335-bd4c-4470149dd333/62dfc169-81b8-459c-9e3a-8074e170d4c8.jpeg?h=225&w=225
Tesco Penne Pasta 500G,€1.75,Any 3 for 2 Clubcard Price - Cheapest Product Free - Selected Tesco Garlic & Cheese Breads Or Fresh Pasta Or Fresh Pasta Sauces,€3.50/kg,https://www.tesco.ie/groceries/en-IE/products/307363250,https://digitalcontent.api.tesco.com/v2/media/ghs/c4368388-f297-455b-bea7-5b98c91546b3/217a4f4f-1579-4506-8328-d804d5fe80e4_1830622463.jpeg?h=225&w=225
Tesco Meals Made Easy Cottage Pie 1Kg,€7.00,Any 2 for €12.50 Clubcard Price - Selected Tesco Meals Made Easy Products 1kg,€7.00/kg,https://www.tesco.ie/groceries/en-IE/products/300770929,https://digitalcontent.api.tesco.com/v2/media/ghs/3019ac38-bb75-4033-aba9-66e953c3a2e2/5c11034e-2dbb-4c93-bfc4-5e0f683e4369_333556729.jpeg?h=225&w=225
Avonmore Soup Fresh Cream Of Chicken 400G,€2.49,€2.00 Clubcard Price,€6.22/kg,https://www.tesco.ie/groceries/en-IE/products/273983149,https://digitalcontent.api.tesco.com/v2/media/ghs/1ba318c2-7ba4-42fb-919e-eb41ff0b8f50/e8eefe73-07b5-4240-8a71-cf0d1b8e9248_1423750726.jpeg?h=225&w=225
Tesco Finest Creamy Mashed Potato 400G,€3.50,,€8.75/kg,https://www.tesco.ie/groceries/en-IE/products/309472083,https://digitalcontent.api.tesco.com/v2/media/ghs/3889a771-3a69-4663-a8b3-6bfd9a8f942f/e7b4f411-93c5-4eb2-ad0e-4adaf2b23bc6_1664219217.jpeg?h=225&w=225
Fit Foods Chicken Curry With Brown Rice 400G,€4.50,Any 2 for €8.50 Clubcard Price - Selected Fit Foods Ready Meals 400g,€11.25/kg,https://www.tesco.ie/groceries/en-IE/products/313753943,https://digitalcontent.api.tesco.com/v2/media/ghs/9ca78212-715c-41a3-96cd-e53d87df48ae/8ef2dde3-16e1-440a-ab04-3a0225fda6a5_1817924468.jpeg?h=225&w=225
Tesco Finest Garlic & Parsley Ciabatta 255G,€3.00,Meal Deal for €12.50 Clubcard Price - Buy Any 2 Finest Pizza & 2 Finest Sides Or Drinks,€11.76/kg,https://www.tesco.ie/groceries/en-IE/products/296481201,https://digitalcontent.api.tesco.com/v2/media/ghs/fa381b0b-89d9-47a5-a8fa-4538c7ff0771/c53cf8e9-562e-4878-9e2d-ac51172f79ff.jpeg?h=225&w=225
Tesco Garlic Baguette 205G,€0.85,,€4.15/kg,https://www.tesco.ie/groceries/en-IE/products/307339562,https://digitalcontent.api.tesco.com/v2/media/ghs/267264c2-3d41-4f9e-93b0-3fbb30df7d9f/7716ca48-ba79-4564-975b-dbd4491f49ed.jpeg?h=225&w=225
Tesco 2 Pizza Bases 440G,€3.09,,€7.02/kg,https://www.tesco.ie/groceries/en-IE/products/312991267,https://digitalcontent.api.tesco.com/v2/media/ghs/ec3470eb-9cbd-4130-ae92-7031f470639b/e30100d9-8c03-479c-aacd-1a647e4574f5_303936341.jpeg?h=225&w=225
Tesco Fresh Tagliatelle Nests 500G,€1.75,Any 3 for 2 Clubcard Price - Cheapest Product Free - Selected Tesco Garlic & Cheese Breads Or Fresh Pasta Or Fresh Pasta Sauces,€3.50/kg,https://www.tesco.ie/groceries/en-IE/products/307137985,https://digitalcontent.api.tesco.com/v2/media/ghs/413e175d-cfc2-4356-89f7-dfe44b935779/2ac38b99-9dfa-41b0-9293-5a8693e97ed7_106621499.jpeg?h=225&w=225
Mash Direct Carrot & Parsnip Mash 400G,€2.40,Any 3 for €6 Clubcard Price - Selected Mash Direct Ready Meals 280g-400g,€6.00/kg,https://www.tesco.ie/groceries/en-IE/products/260178456,https://digitalcontent.api.tesco.com/v2/media/ghs/535fc84a-26c5-4e88-8319-6471e78b2e91/ce6e491b-f0ef-42ef-aedf-7b21316b90a1.jpeg?h=225&w=225
Tesco Fusilli 300G,€1.10,,€3.67/kg,https://www.tesco.ie/groceries/en-IE/products/302089248,https://digitalcontent.api.tesco.com/v2/media/ghs/8f3c2657-ce03-4a94-90e8-378abc16766e/55286e5d-8953-4106-b8fa-0c6b13dc4cad.jpeg?h=225&w=225
Fit Foods Wholemeal Pasta Minced Beef And Vegetable Sauce 400G,€4.50,Any 2 for €8.50 Clubcard Price - Selected Fit Foods Ready Meals 400g,€11.25/kg,https://www.tesco.ie/groceries/en-IE/products/313605117,https://digitalcontent.api.tesco.com/v2/media/ghs/b2cdcc09-d9c4-4398-bc6d-9b8cfd2b08c4/3423080b-5aa3-4f9e-9179-c99244ce1e7f_1357257636.jpeg?h=225&w=225
Cully&Sully Smoked Haddock&Salmon Chowder 400G,€2.99,Any 3 for €5 Clubcard Price - Selected Cheese Or Fresh Soup Or Meat Or Yogurt & Desserts,€7.48/kg,https://www.tesco.ie/groceries/en-IE/products/278049407,https://digitalcontent.api.tesco.com/v2/media/ghs/f41b3f77-aaf0-4293-a14f-5ae90caa2de4/cab3bd0f-8fa9-446a-96b2-243b1d02c0d9.jpeg?h=225&w=225
Tesco Tomato & Basil Sauce 350G,€2.00,Any 3 for 2 Clubcard Price - Cheapest Product Free - Selected Tesco Garlic & Cheese Breads Or Fresh Pasta Or Fresh Pasta Sauces,€5.71/kg,https://www.tesco.ie/groceries/en-IE/products/253174043,https://digitalcontent.api.tesco.com/v2/media/ghs/82bef078-3a65-4a81-ab8a-1a40d3096dce/16caf6e0-d0e4-43d9-99f4-faf3f4a5d5aa.jpeg?h=225&w=225
Tesco Penne 300G,€1.15,Any 3 for 2 Clubcard Price - Cheapest Product Free - Selected Tesco Garlic & Cheese Breads Or Fresh Pasta Or Fresh Pasta Sauces,€3.83/kg,https://www.tesco.ie/groceries/en-IE/products/299829030,https://digitalcontent.api.tesco.com/v2/media/ghs/111a697f-ee25-46fc-a6e8-c131a794c8bc/cd62dc94-70ec-4ef3-8aa2-7a1c7834b62d.jpeg?h=225&w=225
Tesco Fresh Potato Gnocchi Pasta 400 G,€1.50,,€3.75/kg,https://www.tesco.ie/groceries/en-IE/products/275062447,https://digitalcontent.api.tesco.com/v2/media/ghs/ee6b895c-a31b-4366-87fa-59b483f0ea65/56219b91-9a28-4326-b971-447382beb05e.jpeg?h=225&w=225
Avonmore Chicken And Vegetable Soup 700G,€3.69,,€5.27/kg,https://www.tesco.ie/groceries/en-IE/products/285049351,https://digitalcontent.api.tesco.com/v2/media/ghs/2d835c52-fd0f-4205-86d8-7f711f7e9412/960a0b0c-3d38-40a7-bf79-f08699646332_55211851.jpeg?h=225&w=225
Meals Made Easy Chicken And Broccoli Potato Bake 1Kg,€7.00,Any 2 for €12.50 Clubcard Price - Selected Tesco Meals Made Easy Products 1kg,€7.00/kg,https://www.tesco.ie/groceries/en-IE/products/312587467,https://digitalcontent.api.tesco.com/v2/media/ghs/015bcfb0-2b5b-49e2-8d0b-0e3f1152ef18/f8ba4c11-9596-4698-a24b-7e83d8d42f0d_691955318.jpeg?h=225&w=225
Pizza Sauce 250G,€3.49,,€13.96/kg,https://www.tesco.ie/groceries/en-IE/products/284777930,https://digitalcontent.api.tesco.com/v2/media/ghs/295b8d58-df0f-4b18-9077-2dd356f035f6/snapshotimagehandler_987711773.jpeg?h=225&w=225
Avonmore Farmers Choice Mixed Vegetable 400G,€2.49,€2.00 Clubcard Price,€6.22/litre,https://www.tesco.ie/groceries/en-IE/products/260791995,https://digitalcontent.api.tesco.com/v2/media/ghs/72fecdab-7015-434f-b708-ace7108fa9eb/4c381fef-4cb3-43cc-be75-84f4c6902443_1416494723.jpeg?h=225&w=225
Tesco Finest* Creamy Root Vegetable And Butternut Squash Soup 400G,€2.00,,€5.00/kg,https://www.tesco.ie/groceries/en-IE/products/306812971,https://digitalcontent.api.tesco.com/v2/media/ghs/bff3ed99-d0c7-4cfe-9fff-a93b90fb1237/snapshotimagehandler_676504469.jpeg?h=225&w=225
Cully And Sully Honey Carrot And Coriander Soup 400G,€2.89,Any 3 for €5 Clubcard Price - Selected Cheese Or Fresh Soup Or Meat Or Yogurt & Desserts,€7.22/kg,https://www.tesco.ie/groceries/en-IE/products/263663666,https://digitalcontent.api.tesco.com/v2/media/ghs/e9d8655b-0ecf-4581-b984-6af70e6feacb/snapshotimagehandler_1726325307.jpeg?h=225&w=225
Fit Foods Thai Red Chicken Curry And Brown Rice 400G,€4.50,Any 2 for €8.50 Clubcard Price - Selected Fit Foods Ready Meals 400g,€11.25/kg,https://www.tesco.ie/groceries/en-IE/products/313743949,https://digitalcontent.api.tesco.com/v2/media/ghs/35df9440-7d53-4501-b8e4-6d268ec6a488/84bef880-2d86-4f64-9016-762d77275d94_1022292011.jpeg?h=225&w=225
Rustlers Quarter Pounder Cheese Burger 190 G,€2.50,,€13.16/kg,https://www.tesco.ie/groceries/en-IE/products/255956906,https://digitalcontent.api.tesco.com/v2/media/ghs/6adf18f2-9f00-4e06-b425-02ecee2c2bf8/1ae68c7e-5341-44aa-88c6-0f700e4b0e61.jpeg?h=225&w=225
Carroll Cuisine Fresh Lasagne 350G,€3.99,€3.00 Clubcard Price,€11.40/kg,https://www.tesco.ie/groceries/en-IE/products/261507439,https://digitalcontent.api.tesco.com/v2/media/ghs/55881194-4b57-446c-a58e-b9b1454d9280/snapshotimagehandler_1488948870.jpeg?h=225&w=225
Tesco Finest* Tomato With Mascarpone And Fresh Basil Soup 400G,€2.00,,€5.00/kg,https://www.tesco.ie/groceries/en-IE/products/306654610,https://digitalcontent.api.tesco.com/v2/media/ghs/62c0d7e7-707b-4c3d-8e47-6135a8c2f2fb/snapshotimagehandler_1329416990.jpeg?h=225&w=225
Carrolls Twin Pack Garlic Baguette 2 X 175G,€4.00,,€11.43/kg,https://www.tesco.ie/groceries/en-IE/products/306665194,https://digitalcontent.api.tesco.com/v2/media/ghs/ddc524c0-6534-4469-9cfb-26ec8d4b65b7/1f14ac59-7447-43bc-bf2f-f1f6a1a45ab9.jpeg?h=225&w=225
Tesco Sausage & Ham Fresh Tortelloni 300g,€2.75,Any 3 for 2 Clubcard Price - Cheapest Product Free - Selected Tesco Garlic & Cheese Breads Or Fresh Pasta Or Fresh Pasta Sauces,€9.17/kg,https://www.tesco.ie/groceries/en-IE/products/299829363,https://digitalcontent.api.tesco.com/v2/media/ghs/6e8c487b-7a78-4f6f-b2b6-7154fac1a7ec/1eb90018-65e9-4c6b-a3de-2717c714ebfd.jpeg?h=225&w=225
Brady Family Glazed Ham 80G,€2.99,€2.50 Clubcard Price,€37.38/kg,https://www.tesco.ie/groceries/en-IE/products/312340477,https://digitalcontent.api.tesco.com/v2/media/ghs/3df3c982-680c-4435-b6f1-b6f0a495abf3/3543cb5c-e93d-4faf-b9f4-d7babd0b664b_1098798424.jpeg?h=225&w=225
Fit Foods Chicken Chicken Korma With Brown Rice 400G,€4.50,Any 2 for €8.50 Clubcard Price - Selected Fit Foods Ready Meals 400g,€11.25/kg,https://www.tesco.ie/groceries/en-IE/products/313737531,https://digitalcontent.api.tesco.com/v2/media/ghs/8906bc9f-eb3f-4fd1-9f64-0c1d494a16e8/9344d2c7-87c3-4f81-b840-5e4bf9393e78_664705914.jpeg?h=225&w=225
Tesco Meals Made Easy Chicken Pasta Bake 1Kg,€7.00,Any 2 for €12.50 Clubcard Price - Selected Tesco Meals Made Easy Products 1kg,€7.00/kg,https://www.tesco.ie/groceries/en-IE/products/300808208,https://digitalcontent.api.tesco.com/v2/media/ghs/24a0955d-a920-4699-94d1-ab5b043a3879/eb8833cb-8f6e-4e2c-af59-b66ca7200539_560352501.jpeg?h=225&w=225
Cully And Sully Mushroom Soup 400G,€2.89,€2.25 Clubcard Price,€7.22/kg,https://www.tesco.ie/groceries/en-IE/products/263663653,https://digitalcontent.api.tesco.com/v2/media/ghs/a26d796f-1c34-4aee-ae82-ee73b28b9305/snapshotimagehandler_18771054.jpeg?h=225&w=225
The Craft Chef Potato Gratin And Irish Chedder 400G,€3.00,Any 2 for €5 Clubcard Price - Selected The Crafty Chef Ready To Cook Meat,€7.50/kg,https://www.tesco.ie/groceries/en-IE/products/314585837,https://digitalcontent.api.tesco.com/v2/media/ghs/8879f2b6-a3a9-432c-9ea0-56b116d0b2cf/392d7518-3e4a-4869-b8cc-a72bde942eec_2433044.jpeg?h=225&w=225
Tesco Fresh Tagliatelle Nests 300g,€1.15,,€3.83/kg,https://www.tesco.ie/groceries/en-IE/products/299829075,https://digitalcontent.api.tesco.com/v2/media/ghs/f8cc3eb1-8499-495f-ae14-b0a122350d76/b374d792-b687-4abc-84a5-c5e1c25f561f.jpeg?h=225&w=225
Gosh Mediterranean Falafel 171G,€3.00,€2.39 Clubcard Price,€17.54/kg,https://www.tesco.ie/groceries/en-IE/products/314118116,https://digitalcontent.api.tesco.com/v2/media/ghs/e1b42976-532a-422b-84a9-9c859f3a1f43/47925414-6ead-4c93-aadd-e4a1c9fc3216.jpeg?h=225&w=225
Avonmore Tomato And Basil Soup 400G,Currently out of stock,,,https://www.tesco.ie/groceries/en-IE/products/260792435,https://digitalcontent.api.tesco.com/v2/media/ghs/27a4f6dd-d655-40df-beab-c637783238da/3f1c1e56-fe8f-488c-839a-e6dc7cc401a4_816766456.jpeg?h=225&w=225
Fit Foods Chicken Pasta 400G,€4.50,Any 2 for €8.50 Clubcard Price - Selected Fit Foods Ready Meals 400g,€11.25/kg,https://www.tesco.ie/groceries/en-IE/products/314578170,https://digitalcontent.api.tesco.com/v2/media/ghs/43d0375e-d24d-460a-b9c8-0bf048a570db/08b0b6da-28d4-4cfa-95c4-a5549d63d3e7_1080133550.jpeg?h=225&w=225
Tesco Finest Buf/Mozz And Sun Dried Tomato Wdfire Pizza 475G,€5.50,Meal Deal for €12.50 Clubcard Price - Buy Any 2 Finest Pizza & 2 Finest Sides Or Drinks,€11.58/kg,https://www.tesco.ie/groceries/en-IE/products/310179746,https://digitalcontent.api.tesco.com/v2/media/ghs/bbee5850-c84d-4731-a170-1eaa2fe7b9db/f63a81e4-0080-41bb-bb08-3740e0688850_940041640.jpeg?h=225&w=225
Carroll Cuisine Fresh Lasagne 1Kg,€7.69,,€7.69/kg,https://www.tesco.ie/groceries/en-IE/products/261858386,https://digitalcontent.api.tesco.com/v2/media/ghs/9ebaca7b-5f99-456d-992c-373ea21dcae4/snapshotimagehandler_1799225962.jpeg?h=225&w=225
Cully And Sully Chicken & Vegetable Soup 750G,€3.79,,€5.05/kg,https://www.tesco.ie/groceries/en-IE/products/285858234,https://digitalcontent.api.tesco.com/v2/media/ghs/3bb72677-3a7f-49fb-b893-f643537cb544/snapshotimagehandler_892479883.jpeg?h=225&w=225
Avonmore Leek&Potato Soup 400G,€2.49,€2.00 Clubcard Price,€6.22/kg,https://www.tesco.ie/groceries/en-IE/products/273981543,https://digitalcontent.api.tesco.com/v2/media/ghs/9add5342-070b-47f5-9cd7-c7c60d1aa27a/9bdd2d8b-a401-44e6-8596-064cc7da1377_845042180.jpeg?h=225&w=225
Mash Direct Mashed Turnip 400G,€2.40,Any 3 for €6 Clubcard Price - Selected Mash Direct Ready Meals 280g-400g,€6.00/kg,https://www.tesco.ie/groceries/en-IE/products/260178443,https://digitalcontent.api.tesco.com/v2/media/ghs/ef227d00-3b41-4143-a6aa-9d5a7a0e2cdf/ed331a06-6b68-4061-9535-b8cf0c60bb1a.jpeg?h=225&w=225
Fit Foods Chicken And Chorizo With Baby Potatoes 400G,€4.50,Any 2 for €8.50 Clubcard Price - Selected Fit Foods Ready Meals 400g,€11.25/kg,https://www.tesco.ie/groceries/en-IE/products/313502982,https://digitalcontent.api.tesco.com/v2/media/ghs/75b2d2b7-01ef-480c-8394-7f71fcc1afa9/dc0e7409-c60f-484a-956f-7211fea35ee8_949767010.jpeg?h=225&w=225
Tesco Finest Three Cheese Cauliflower Bake 400G,€3.50,,€0.01/kg,https://www.tesco.ie/groceries/en-IE/products/310134264,https://digitalcontent.api.tesco.com/v2/media/ghs/7f1b9de3-4947-4ff0-bbaa-a03bb93db137/14f9c86d-3a9c-4b57-acab-9a32ccdf72e8_174169701.jpeg?h=225&w=225
Rustlers Bbq Pork Rib Sandwich 157G,€2.50,,€15.92/kg,https://www.tesco.ie/groceries/en-IE/products/282997603,https://digitalcontent.api.tesco.com/v2/media/ghs/a467ef80-ac89-406a-b39f-79095d7e27ac/c9d019b1-b527-4a79-bb4d-526444723014.jpeg?h=225&w=225
Tesco Finest Italian Meats Wdfired Pizza 510G,€5.50,Meal Deal for €12.50 Clubcard Price - Buy Any 2 Finest Pizza & 2 Finest Sides Or Drinks,€10.78/kg,https://www.tesco.ie/groceries/en-IE/products/310686140,https://digitalcontent.api.tesco.com/v2/media/ghs/85a80166-d8b4-45b6-ab22-b5fee13f5af0/168bf259-e4f2-469f-baaf-b34d06dde28f_325849032.jpeg?h=225&w=225
Tesco Spaghetti 300G,€1.15,,€3.83/kg,https://www.tesco.ie/groceries/en-IE/products/304372029,https://digitalcontent.api.tesco.com/v2/media/ghs/0c8ba7b0-e495-4d32-abd4-e2426d9c82aa/b908175b-b222-4690-8ccc-9abc37a5cfbe.jpeg?h=225&w=225
Tesco Mashed Potato 400G,€2.30,,€5.75/kg,https://www.tesco.ie/groceries/en-IE/products/311804553,https://digitalcontent.api.tesco.com/v2/media/ghs/abc34978-3eb7-4b15-a1f0-48ec0715a09f/3cba9532-9a6a-4df0-965c-43fb594176b1_454406783.jpeg?h=225&w=225
Tesco Meals Made Easy Chicken Curry 1Kg,€7.00,Any 2 for €12.50 Clubcard Price - Selected Tesco Meals Made Easy Products 1kg,€7.00/kg,https://www.tesco.ie/groceries/en-IE/products/300807958,https://digitalcontent.api.tesco.com/v2/media/ghs/641d7ad3-1d31-4978-8af7-c797bd749b46/5b7be548-c732-42af-9915-0844cddd3319_841846244.jpeg?h=225&w=225
Avonmore Soup Slow Cook Chick And Vegetable 400G,€2.69,,€6.72/kg,https://www.tesco.ie/groceries/en-IE/products/290538796,https://digitalcontent.api.tesco.com/v2/media/ghs/5108c195-80be-4ea4-b39b-2eb07cc800bf/15793b9d-ac37-43be-89c0-eeefc98c2571_265498051.jpeg?h=225&w=225
Emma Giordani Spinach Ricotta Tortelloni 250G,€3.15,€1.50 Clubcard Price,€12.60/kg,https://www.tesco.ie/groceries/en-IE/products/264834029,https://digitalcontent.api.tesco.com/v2/media/ghs/737ec7d7-3c80-44bc-90ec-7215a0914c7a/3479e0e7-d323-4fae-8a64-44044cb2d96b_1903254940.jpeg?h=225&w=225
Tesco Finest Garlic & Extra Virgin Olive Oil Flatbread 200G,€3.00,Meal Deal for €12.50 Clubcard Price - Buy Any 2 Finest Pizza & 2 Finest Sides Or Drinks,€15.00/kg,https://www.tesco.ie/groceries/en-IE/products/304797553,https://digitalcontent.api.tesco.com/v2/media/ghs/522d3f07-c541-4637-9ee8-42488e4a08a1/25c05a33-21bb-4862-b7a0-6d6b22e59aa7.jpeg?h=225&w=225
Mash Direct Potato Croquette 300G,€2.70,,€9.00/kg,https://www.tesco.ie/groceries/en-IE/products/279322554,https://digitalcontent.api.tesco.com/v2/media/ghs/45ed1bc2-d247-46f9-8345-8e15ec7db2eb/b6ce10b6-6b77-4074-85ec-89098acb7153.jpeg?h=225&w=225
Fit Foods M/Bls With Wholemeal Pasta 400G,€4.50,Any 2 for €8.50 Clubcard Price - Selected Fit Foods Ready Meals 400g,€11.25/kg,https://www.tesco.ie/groceries/en-IE/products/313741174,https://digitalcontent.api.tesco.com/v2/media/ghs/e1010b66-cb3e-416a-ba45-9ecb7e52e0f8/d3640c5b-3203-4dde-b3d5-dc9dbde8521d_1281251867.jpeg?h=225&w=225
The Galway Kitchen Green Basil Pesto 140g,€2.25,,€16.07/kg,https://www.tesco.ie/groceries/en-IE/products/315381849,https://digitalcontent.api.tesco.com/v2/media/ghs/5f356369-e041-41f5-b1c9-463b7807cc08/dea3fe99-aa99-4434-9450-00c315773ba0_46256049.jpeg?h=225&w=225
Tesco Finest* Hearty Swt/Pot And Irish Chicken Soup 400G,€2.00,,€5.00/kg,https://www.tesco.ie/groceries/en-IE/products/306806190,https://digitalcontent.api.tesco.com/v2/media/ghs/45fb193a-63d8-4f33-9f7f-aa726c015fc7/snapshotimagehandler_767388908.jpeg?h=225&w=225
Fit Foods Swt/Ch Chicken And Whole Wheat Noodles 400G,€4.50,Any 2 for €8.50 Clubcard Price - Selected Fit Foods Ready Meals 400g,€11.25/kg,https://www.tesco.ie/groceries/en-IE/products/313749767,https://digitalcontent.api.tesco.com/v2/media/ghs/ecad3eae-f73e-423c-80bf-0f9ccf58a6ef/4ebb9a1b-be4b-4c00-9c49-67b352b09e6b_1249690359.jpeg?h=225&w=225
Tesco Irish Classics Bacon And Cabbage Dinner500g,€4.25,,€8.50/kg,https://www.tesco.ie/groceries/en-IE/products/291148305,https://digitalcontent.api.tesco.com/v2/media/ghs/0ed76de9-8df3-406f-8371-ced77e2b5e66/snapshotimagehandler_836386175.jpeg?h=225&w=225
Tesco Finest Goose Fat Irish Potatoes 450G,€3.50,,€7.78/kg,https://www.tesco.ie/groceries/en-IE/products/310146857,https://digitalcontent.api.tesco.com/v2/media/ghs/929ad889-9930-4a31-9fc5-960177503d23/84330f1a-0ee9-4808-b11c-260730c00a26_1934972442.jpeg?h=225&w=225
Tesco Irish Classics Beef Dinner 500G,€4.25,,€8.50/kg,https://www.tesco.ie/groceries/en-IE/products/288835464,https://digitalcontent.api.tesco.com/v2/media/ghs/a4c88e8d-a1a0-48f0-acb6-2c11f39e7591/snapshotimagehandler_1831292417.jpeg?h=225&w=225
Tesco Meals Made Easy Beef Casserole 1Kg,€7.00,Any 2 for €12.50 Clubcard Price - Selected Tesco Meals Made Easy Products 1kg,€7.00/kg,https://www.tesco.ie/groceries/en-IE/products/300770239,https://digitalcontent.api.tesco.com/v2/media/ghs/25c529a4-1fa3-43f5-aff2-bdb59fdfd280/3c247b74-57ce-45c2-a828-8ddb952110b7_1867476146.jpeg?h=225&w=225
Tesco Finest Buf/Mozz And Basil Pesto Wdfired Pizza 220G,€3.50,,€15.91/kg,https://www.tesco.ie/groceries/en-IE/products/310153917,https://digitalcontent.api.tesco.com/v2/media/ghs/3330ef6b-53c4-4f2b-b0de-9274bcdf9605/f51e1308-79fd-4e3d-b199-cef3bc4eec77_576498825.jpeg?h=225&w=225
Tesco Meals Made Easy Beef Meatball Pasta Bake 1Kg,€7.00,Any 2 for €12.50 Clubcard Price - Selected Tesco Meals Made Easy Products 1kg,€7.00/kg,https://www.tesco.ie/groceries/en-IE/products/302037512,https://digitalcontent.api.tesco.com/v2/media/ghs/9a2d6780-0041-4f9d-8125-cd8d366c9867/3d22e790-4c06-4af1-98a7-a047c4286257_297382724.jpeg?h=225&w=225
Avonmore Low Fat Tomato And Basil Soup 400G,€2.49,€2.00 Clubcard Price,€6.22/kg,https://www.tesco.ie/groceries/en-IE/products/264499726,https://digitalcontent.api.tesco.com/v2/media/ghs/5637d926-7963-4344-a93b-9c0823f94fa2/7cab8bae-a7f5-44ce-bfe6-fa8e000e5abc_1640617261.jpeg?h=225&w=225
Tesco Stone Baked Spicy Meat Feast Pizza 305G,€2.50,,€8.20/kg,https://www.tesco.ie/groceries/en-IE/products/309484224,https://digitalcontent.api.tesco.com/v2/media/ghs/67a9673a-af22-45e0-bda2-9a8b5d470eff/f6360e72-29b5-4cbe-839e-0f1e6a2e2df3_505778262.jpeg?h=225&w=225
Avonmore Fresh Tomato And Basil Soup 700G,€3.69,,€5.27/kg,https://www.tesco.ie/groceries/en-IE/products/285049230,https://digitalcontent.api.tesco.com/v2/media/ghs/46ca2fae-2725-4424-a3be-82fedd0b9c57/f90a9c84-63ac-4b64-baa3-5db1046b5052_367687330.jpeg?h=225&w=225
Tesco Finest Ham Mushroom Mascarpone Wdfired Pizza 510G,€5.50,Meal Deal for €12.50 Clubcard Price - Buy Any 2 Finest Pizza & 2 Finest Sides Or Drinks,€10.78/kg,https://www.tesco.ie/groceries/en-IE/products/310104041,https://digitalcontent.api.tesco.com/v2/media/ghs/4b17e9a0-93b1-4f98-9755-61fcd9a2593e/3c622270-9c41-4ee3-9429-4b8a07ab4399_1325445415.jpeg?h=225&w=225
Avonmore Fresh Chicken Soup 700G,€3.69,,€5.27/kg,https://www.tesco.ie/groceries/en-IE/products/285049299,https://digitalcontent.api.tesco.com/v2/media/ghs/18bc6e59-3fec-4a0a-a0bd-0f6d96601db1/1dd7067c-6513-428a-9f48-eee08e79a81d_2142518468.jpeg?h=225&w=225
Walsh Family Foods Spiceburger 185G,€1.99,,€10.76/kg,https://www.tesco.ie/groceries/en-IE/products/256086782,https://digitalcontent.api.tesco.com/v2/media/ghs/fcd67b22-be35-4fe0-ace3-56caa2a30564/snapshotimagehandler_1993817029.jpeg?h=225&w=225
Tesco Cheese & Tomato Fresh Tortelloni 300g,€2.75,Any 3 for 2 Clubcard Price - Cheapest Product Free - Selected Tesco Garlic & Cheese Breads Or Fresh Pasta Or Fresh Pasta Sauces,€9.17/kg,https://www.tesco.ie/groceries/en-IE/products/303615495,https://digitalcontent.api.tesco.com/v2/media/ghs/63e11b86-06a3-41ad-8ecf-04a961fd4631/1c0f6701-9e84-442b-a7cb-53772e0f26c7_1230336225.jpeg?h=225&w=225
Tesco Finest Spinach Ricotta Girasoli 250G,€3.75,Any 2 for €6 Clubcard Price - Selected Tesco Finest* Pizza Pasta 250g,€15.00/kg,https://www.tesco.ie/groceries/en-IE/products/303615512,https://digitalcontent.api.tesco.com/v2/media/ghs/d0366f66-e8d6-4812-a4e6-3879c207a1a4/ec43e07a-90a4-4f78-8225-9b120985ddaf_706752214.jpeg?h=225&w=225
Avonmore Farmers Choice Mix Vegetable Soup 700G,€3.69,,€5.27/kg,https://www.tesco.ie/groceries/en-IE/products/285049178,https://digitalcontent.api.tesco.com/v2/media/ghs/3e952241-bcf0-4359-b230-6a6801247b2c/9927601f-9b74-498c-be94-e9fb5c9ba0fa_621847878.jpeg?h=225&w=225
Mash Direct Mashed Potato For One 200G,€1.29,,€6.45/kg,https://www.tesco.ie/groceries/en-IE/products/284215317,https://digitalcontent.api.tesco.com/v2/media/ghs/e3713ff8-0e54-48c6-ab8f-15032091fa84/50d671f3-7198-43a3-abee-3d87a2d479ae.jpeg?h=225&w=225
Fit Foods Taco Fries 400G,€4.50,Any 2 for €8.50 Clubcard Price - Selected Fit Foods Ready Meals 400g,€11.25/kg,https://www.tesco.ie/groceries/en-IE/products/314121181,https://digitalcontent.api.tesco.com/v2/media/ghs/31cda5b3-d1f9-45e3-abdd-9da80a243c74/7d8209f3-6d7e-4abc-9f42-86c15c66886a_1961002952.jpeg?h=225&w=225
Meals Made Easy Mac And Cheese With Smoked Ham 1Kg,€7.00,Any 2 for €12.50 Clubcard Price - Selected Tesco Meals Made Easy Products 1kg,€7.00/kg,https://www.tesco.ie/groceries/en-IE/products/306952424,https://digitalcontent.api.tesco.com/v2/media/ghs/2bac8f17-f60f-4813-9242-3bfd6c6cfeb3/cce46205-2da0-4045-8261-bff74f5ea34e_1441427868.jpeg?h=225&w=225
Cully And Sully Thai Chicken Soup 400G,€2.99,€2.25 Clubcard Price,€7.48/kg,https://www.tesco.ie/groceries/en-IE/products/268044635,https://digitalcontent.api.tesco.com/v2/media/ghs/9536eea7-41eb-4551-a706-564ec362382a/snapshotimagehandler_1042455049.jpeg?h=225&w=225
Mash Direct Green Cabbage 280G,€2.32,Any 3 for €6 Clubcard Price - Selected Mash Direct Ready Meals 280g-400g,€8.29/kg,https://www.tesco.ie/groceries/en-IE/products/263331390,https://digitalcontent.api.tesco.com/v2/media/ghs/f97f5e53-5203-4eca-83c6-b0b2da55903c/4ecb5f1c-4f77-4b78-84c4-5e1a04692c5c.jpeg?h=225&w=225
Tesco Cauliflower Cheese 400G,€2.30,,€5.75/kg,https://www.tesco.ie/groceries/en-IE/products/311675791,https://digitalcontent.api.tesco.com/v2/media/ghs/807ec901-4b69-4408-a1ff-c550a33b5655/9d4f97a3-cfa6-4aa1-bd2a-c00c466d5e80_262501024.jpeg?h=225&w=225
Tesco Meals Made Easy Chicken And Chorizo Pasta Bake 1Kg,€7.00,Any 2 for €12.50 Clubcard Price - Selected Tesco Meals Made Easy Products 1kg,€7.00/kg,https://www.tesco.ie/groceries/en-IE/products/312587277,https://digitalcontent.api.tesco.com/v2/media/ghs/210804f6-f4c9-4e6a-9f87-55a0e7fd9833/1a796b70-0cca-43a0-950e-f43ba504a69d_978746902.jpeg?h=225&w=225
Gosh Moroccan Spiced Falafel 171G,€3.45,€2.39 Clubcard Price,€20.18/kg,https://www.tesco.ie/groceries/en-IE/products/314324655,https://digitalcontent.api.tesco.com/v2/media/ghs/d287333c-a263-4240-b530-08721a4f5920/ad0d72aa-0caa-414b-baac-f0a456ed83b1.jpeg?h=225&w=225
Tesco Mashed Carrot And Parsnip 400G,€2.30,,€5.75/kg,https://www.tesco.ie/groceries/en-IE/products/311679556,https://digitalcontent.api.tesco.com/v2/media/ghs/a061a58d-8c69-475a-8eb4-d822d940d91c/5b94183d-ddd5-4721-938b-40462127bd47_658180130.jpeg?h=225&w=225
Pizza Express Dough Balls 200G,€3.95,Any 2 for €6 Clubcard Price - Selected Pizza Express Pizza Or Dough Balls 200g-292g,€19.75/kg,https://www.tesco.ie/groceries/en-IE/products/257466628,https://digitalcontent.api.tesco.com/v2/media/ghs/afab3f9c-b969-4c69-97c7-93964ccd2a07/b1ffc1fa-e62b-4518-bdcd-37ab1288751d.jpeg?h=225&w=225
Tesco Finest Cottage Pie 400G,€5.50,,€13.75/kg,https://www.tesco.ie/groceries/en-IE/products/309484322,https://digitalcontent.api.tesco.com/v2/media/ghs/e1ef5d0e-0726-4076-a6f9-7a70e1a55fde/5dc95e66-2fe4-4394-abf2-61205f26fb04_2041546330.jpeg?h=225&w=225
Tesco Finest Spicy Chicken And Red Pepper Wdfired Pizza 500G,€5.50,Meal Deal for €12.50 Clubcard Price - Buy Any 2 Finest Pizza & 2 Finest Sides Or Drinks,€11.00/kg,https://www.tesco.ie/groceries/en-IE/products/310163807,https://digitalcontent.api.tesco.com/v2/media/ghs/03f75bc3-f8b8-4eaa-a397-586ce70b762e/b56c86c5-b9cb-445a-a75f-e3a100141a8a_736013526.jpeg?h=225&w=225
Avonmore Low Fat Garden Vegetable Soup 400G,€2.49,€2.00 Clubcard Price,€6.22/kg,https://www.tesco.ie/groceries/en-IE/products/264499876,https://digitalcontent.api.tesco.com/v2/media/ghs/b0ba646b-4cb3-45bc-a1e5-91112e0f217a/bba2d9b7-edb5-47f4-8ea3-fa71213c2e75_1041393240.jpeg?h=225&w=225
Tesco Finest Spaghetti Bolognese 400G,€5.50,,€13.75/kg,https://www.tesco.ie/groceries/en-IE/products/309479571,https://digitalcontent.api.tesco.com/v2/media/ghs/9d6d05d7-958e-486a-b8e7-61504e7ebc15/0181d0e1-7cc1-4bbf-b59a-d2418227d3fe_948546714.jpeg?h=225&w=225
Tesco Irish Classics Cottage Pie/Veg 500G,€4.25,,€8.50/kg,https://www.tesco.ie/groceries/en-IE/products/288835429,https://digitalcontent.api.tesco.com/v2/media/ghs/2e929dfe-def1-48a2-a9c2-08538c3e2ea5/snapshotimagehandler_851648261.jpeg?h=225&w=225
Pestle Mortar Green Pesto 140G,€3.25,,€23.21/kg,https://www.tesco.ie/groceries/en-IE/products/298232298,https://digitalcontent.api.tesco.com/v2/media/ghs/255a63d1-d053-4e7c-9c07-0c44f2ecc8f1/snapshotimagehandler_1064269042.jpeg?h=225&w=225
Tesco Cheese & Garlic Flatbread 230G,€2.50,Any 3 for 2 Clubcard Price - Cheapest Product Free - Selected Tesco Garlic & Cheese Breads Or Fresh Pasta Or Fresh Pasta Sauces,€10.87/kg,https://www.tesco.ie/groceries/en-IE/products/286265277,https://digitalcontent.api.tesco.com/v2/media/ghs/35ffa092-2f6e-4167-8728-daedf8389a0a/8f4d91ff-8277-481c-9802-e9968742880a.jpeg?h=225&w=225
Tesco Green Cabbage 300G,€2.30,,€7.67/kg,https://www.tesco.ie/groceries/en-IE/products/311801717,https://digitalcontent.api.tesco.com/v2/media/ghs/b66347a2-8634-4ea8-b94a-cf33c4b09024/6db17127-352b-4551-b5c5-872ecb416d84_1447773488.jpeg?h=225&w=225
Tesco Finest Spaghetti Carbonara 400G,€5.50,,€13.75/kg,https://www.tesco.ie/groceries/en-IE/products/309489294,https://digitalcontent.api.tesco.com/v2/media/ghs/c019116e-6121-4b52-a84e-b14c81308e78/d70833ee-aec2-44b6-aa61-981a6b759847_1573977555.jpeg?h=225&w=225
Pizza Express Margherita Pizza 245G,€6.00,Any 2 for €6 Clubcard Price - Selected Pizza Express Pizza Or Dough Balls 200g-292g,€24.49/kg,https://www.tesco.ie/groceries/en-IE/products/261384030,https://digitalcontent.api.tesco.com/v2/media/ghs/36a9c43a-f043-4be5-aac5-535cc563248a/d14cb217-afe3-40c1-9d00-45b94e68d512.jpeg?h=225&w=225
Tesco Finest Mac And Triple Cheese 400G,€5.50,,€13.75/kg,https://www.tesco.ie/groceries/en-IE/products/309489386,https://digitalcontent.api.tesco.com/v2/media/ghs/aeb3d5c2-720f-4b31-b405-f45773c8ee9a/d89316d1-ad0f-4bae-b194-e3946ed4541e_336909876.jpeg?h=225&w=225
Tesco Finest Chicken Tikka Masala And Pilau Rice 450G,€5.50,,€12.22/kg,https://www.tesco.ie/groceries/en-IE/products/310108307,https://digitalcontent.api.tesco.com/v2/media/ghs/4dfbd39e-f3a4-4eed-8ae5-7d283b2e0919/f80e2be2-925f-43c9-b0ad-a9a50574c872_46229587.jpeg?h=225&w=225
Tesco Finest Cream Of Vegetable And Irish Chicken Soup 400G,€2.00,,€5.00/kg,https://www.tesco.ie/groceries/en-IE/products/314596983,https://digitalcontent.api.tesco.com/v2/media/ghs/d3362447-a943-4381-8a6e-aac0a50c81c5/f7461103-2dbd-4a44-80cb-c39727df65eb_1087720467.jpeg?h=225&w=225
Tesco Finest Goats Cheese And Chargrilled Pepper Pizza 240G,€3.50,,€14.58/kg,https://www.tesco.ie/groceries/en-IE/products/313170215,https://digitalcontent.api.tesco.com/v2/media/ghs/d17891ac-6f2d-4c68-964f-d1a3abd4af3e/91dca094-dc81-487c-8c40-f88ed358b896_196622211.jpeg?h=225&w=225
Tesco Irish Classics Beef Stew Dinner500g,€4.25,,€8.50/kg,https://www.tesco.ie/groceries/en-IE/products/294513894,https://digitalcontent.api.tesco.com/v2/media/ghs/3995fb5d-41c4-4f3d-afdb-5cba2fe81853/snapshotimagehandler_1807026507.jpeg?h=225&w=225
Tesco Chicken Tikka Masala And Pilau Rice 400G,€3.95,,€9.88/kg,https://www.tesco.ie/groceries/en-IE/products/313957685,https://digitalcontent.api.tesco.com/v2/media/ghs/5e009c0b-f97b-49b9-871f-003f88ea0ca2/c88a43b5-f779-4b2f-8ded-7509bbd37aab_985654530.jpeg?h=225&w=225
Emma Giordani Cheese And Tomato Tortelloni 250G,€3.15,€1.50 Clubcard Price,€12.60/kg,https://www.tesco.ie/groceries/en-IE/products/297149122,https://digitalcontent.api.tesco.com/v2/media/ghs/f57fb5f0-4966-4725-b706-a5a58b424bb2/snapshotimagehandler_1776901050.jpeg?h=225&w=225
Tesco Finest Beef Lasagne 400G,€5.50,,€13.75/kg,https://www.tesco.ie/groceries/en-IE/products/309482140,https://digitalcontent.api.tesco.com/v2/media/ghs/a2c085bf-2e20-4f9b-9186-c82719f606ed/7caa8c44-0055-4e99-9d7b-7bd4c456fa06_1996075135.jpeg?h=225&w=225
"T, Sweet & Sour Chicken & Egg Fried Rice 400G",€3.95,,€9.88/kg,https://www.tesco.ie/groceries/en-IE/products/310693102,https://digitalcontent.api.tesco.com/v2/media/ghs/99632481-d728-4918-8594-ee2dce1f4c00/c935cd73-52e1-465a-ad46-6df9a62eaa1f.jpeg?h=225&w=225
Cully And Sully Lentil And Bacon Soup 400G,€2.99,€2.25 Clubcard Price,€7.48/kg,https://www.tesco.ie/groceries/en-IE/products/280146232,https://digitalcontent.api.tesco.com/v2/media/ghs/7c89c715-436e-4628-81c4-15ba0138fcc4/snapshotimagehandler_1704240761.jpeg?h=225&w=225
Tesco Meals Made Easy Potato Gratin 800G,€4.50,,€5.62/kg,https://www.tesco.ie/groceries/en-IE/products/300808738,https://digitalcontent.api.tesco.com/v2/media/ghs/c7e7b3b6-5304-499d-bd1a-579fc4a1d5f5/5320eecf-2411-4b91-9e4d-b80409d5a550_525079155.jpeg?h=225&w=225
Tesco Finest Creamy Mushroom And Madeira Soup 400G,€2.00,,€5.00/kg,https://www.tesco.ie/groceries/en-IE/products/312351130,https://digitalcontent.api.tesco.com/v2/media/ghs/8941229f-178b-417f-b26c-dd4837337e4f/5bb3ba0f-4221-410a-87e9-586deb5a787e_303690806.jpeg?h=225&w=225
Emma Giordani Prosciutto Mozzarella Cappelletti 250G,€3.15,€1.50 Clubcard Price,€12.60/kg,https://www.tesco.ie/groceries/en-IE/products/265304143,https://digitalcontent.api.tesco.com/v2/media/ghs/cfd94a85-b45f-46c1-860f-ec7d1d76b3d2/snapshotimagehandler_753339445.jpeg?h=225&w=225
The Crafty Chef Garlic And Herb Baby Potatoes 400G,€3.00,Any 2 for €5 Clubcard Price - Selected The Crafty Chef Ready To Cook Meat,€7.50/kg,https://www.tesco.ie/groceries/en-IE/products/314838787,https://digitalcontent.api.tesco.com/v2/media/ghs/9111ad10-9ec2-4ff4-a521-37ba1df479cc/afa2f211-e3cb-44a3-8e21-25c3a898b939_29104298.jpeg?h=225&w=225
Tesco Sunblush Tomato & Garlic Flatbread 235 G,€2.50,Any 3 for 2 Clubcard Price - Cheapest Product Free - Selected Tesco Garlic & Cheese Breads Or Fresh Pasta Or Fresh Pasta Sauces,€10.64/kg,https://www.tesco.ie/groceries/en-IE/products/286242984,https://digitalcontent.api.tesco.com/v2/media/ghs/3ed017e4-37bc-4005-b93d-9462f1c09244/38e6b645-c19f-4ba8-946a-c03e7fbf4edf.jpeg?h=225&w=225
Tesco Garlic & Rosemary Flatbread 220G,€2.50,Any 3 for 2 Clubcard Price - Cheapest Product Free - Selected Tesco Garlic & Cheese Breads Or Fresh Pasta Or Fresh Pasta Sauces,€11.36/kg,https://www.tesco.ie/groceries/en-IE/products/286264762,https://digitalcontent.api.tesco.com/v2/media/ghs/4e1f5775-f1f4-4361-a402-33fac26fb555/65a03482-6052-4e6f-bd12-fb28d4b4e1ac.jpeg?h=225&w=225
Cully And Sully Limited Edition Soup 400G,€2.89,€2.25 Clubcard Price,€7.22/kg,https://www.tesco.ie/groceries/en-IE/products/263662809,https://digitalcontent.api.tesco.com/v2/media/ghs/0fc28aa7-e2ec-4f45-b925-b105cbfe462a/9657004b-221c-410a-974e-9c50eb6cffcf_982675957.jpeg?h=225&w=225
Tesco Meals Made Easy Chicken Casserole 1Kg,€7.00,Any 2 for €12.50 Clubcard Price - Selected Tesco Meals Made Easy Products 1kg,€7.00/kg,https://www.tesco.ie/groceries/en-IE/products/312083579,https://digitalcontent.api.tesco.com/v2/media/ghs/b9256a45-ab3d-498e-afb7-54fa640bfce5/5a25d729-1486-43f7-abf7-6fb6cac9edf1_1007417074.jpeg?h=225&w=225
Tesco Meals Made Easy Loaded Chilli Beef Wedges 1Kg,€7.00,Any 2 for €12.50 Clubcard Price - Selected Tesco Meals Made Easy Products 1kg,€7.00/kg,https://www.tesco.ie/groceries/en-IE/products/311684365,https://digitalcontent.api.tesco.com/v2/media/ghs/6d281acf-7477-4a29-b25f-3a7a64298995/9b003b5a-79aa-4d3f-bd2a-b7386651c491_1618665960.jpeg?h=225&w=225
Fit Foods 4 High Prtn Beef Burgers 500G,€6.00,Any 2 for €10 Clubcard Price - Selected Crafty Chef Or Fit Foods Or Keohane Ready To Cook,€12.00/kg,https://www.tesco.ie/groceries/en-IE/products/314590649,https://digitalcontent.api.tesco.com/v2/media/ghs/0c66e074-12b0-4396-9650-7d4c197ce15e/94b58aff-9286-4a2b-8c52-c5ff8f96be97_1933154309.jpeg?h=225&w=225
Avonmore Fresh Mushroom Soup 400G,€2.49,€2.00 Clubcard Price,€6.22/kg,https://www.tesco.ie/groceries/en-IE/products/273981981,https://digitalcontent.api.tesco.com/v2/media/ghs/4ff7d01c-2f6a-4634-b7fc-7f61011a0585/6ce4815a-8f55-455e-a6fc-85270c512c78_2082289498.jpeg?h=225&w=225
Tesco Butter Chicken With Pilau Rice 400G,€3.95,,€9.88/kg,https://www.tesco.ie/groceries/en-IE/products/313388655,https://digitalcontent.api.tesco.com/v2/media/ghs/5635af4f-8fdc-42b0-af77-eccd628b3c86/cec6a72a-73b1-4693-9892-177a3587d225_899241308.jpeg?h=225&w=225
Cully And Sully Superior Fish Pie 400G,€4.99,,€12.48/kg,https://www.tesco.ie/groceries/en-IE/products/268990672,https://digitalcontent.api.tesco.com/v2/media/ghs/f6c3f162-e488-4689-b644-79957d5748cd/450becc2-c4e7-4efc-9aa9-f9615e2c46f3_753925840.jpeg?h=225&w=225
Tesco Cheese Sauce 350G,€2.00,Any 3 for 2 Clubcard Price - Cheapest Product Free - Selected Tesco Garlic & Cheese Breads Or Fresh Pasta Or Fresh Pasta Sauces,€5.71/kg,https://www.tesco.ie/groceries/en-IE/products/251328286,https://digitalcontent.api.tesco.com/v2/media/ghs/1d574f37-ae5f-4a9c-9ed3-b688e2f12656/b9b92b81-5028-408b-9337-ea160ed88ed0.jpeg?h=225&w=225
Tesco Finest Italian Meats Wood Fired Pizza 239G,€3.50,,€14.64/kg,https://www.tesco.ie/groceries/en-IE/products/310675337,https://digitalcontent.api.tesco.com/v2/media/ghs/865332b6-ec37-4a32-932c-944758dc6dd2/d199feea-7fbf-4e3b-bf3d-ae65994d11c4_182627672.jpeg?h=225&w=225
Tesco Finest Slow Cooked Beef Ragu Ravioli 250G,€3.75,Any 2 for €6 Clubcard Price - Selected Tesco Finest* Pizza Pasta 250g,€15.00/kg,https://www.tesco.ie/groceries/en-IE/products/314581643,https://digitalcontent.api.tesco.com/v2/media/ghs/d82a3e86-5652-4a80-944b-4e7c13c84572/8e91f62d-566b-4c66-8bca-9b57e663457d_785537215.jpeg?h=225&w=225
Cully And Sully Cottage Pie 400G,€4.99,,€12.48/kg,https://www.tesco.ie/groceries/en-IE/products/268991423,https://digitalcontent.api.tesco.com/v2/media/ghs/a19276e9-9101-4eb4-88c4-230ffc485fb2/27d534d4-6bdf-43a0-9cac-1474de04c4f8_1098877086.jpeg?h=225&w=225
Tesco Finest Beef Bourguignon And Mash 450G,€5.50,,€12.22/kg,https://www.tesco.ie/groceries/en-IE/products/309474616,https://digitalcontent.api.tesco.com/v2/media/ghs/770b51dd-9a7a-4815-b5a7-609106b98bf2/e50be757-3de5-4434-b602-52f8b8a5fe7e_361791110.jpeg?h=225&w=225
Tesco Macaroni Cheese 400G,€3.95,,€9.88/kg,https://www.tesco.ie/groceries/en-IE/products/310167622,https://digitalcontent.api.tesco.com/v2/media/ghs/94faa2d5-7733-4aa3-8c45-372f2c6ee443/39b88bfe-ef45-412f-b427-0fade136fad2.jpeg?h=225&w=225
Tesco Finest Cream Of Irish Chicken Soup 400G,€2.00,,€5.00/kg,https://www.tesco.ie/groceries/en-IE/products/315165616,https://digitalcontent.api.tesco.com/v2/media/ghs/67fb4b18-e208-40be-8c59-d970305933db/c010f1a0-2e63-4508-89b9-8f2dd74bb963_1047154150.jpeg?h=225&w=225
Tesco Finest Beef Lasagne 800G,€8.50,,€10.62/kg,https://www.tesco.ie/groceries/en-IE/products/310680238,https://digitalcontent.api.tesco.com/v2/media/ghs/0c5f6776-05dd-4c39-93f7-beccfbfd640e/79ce9273-4a92-4845-a473-bb3025ec5347_1556274133.jpeg?h=225&w=225
Gosh Sweet Potato Pakora With Red Pepper 171G,€3.00,€2.39 Clubcard Price,€17.54/kg,https://www.tesco.ie/groceries/en-IE/products/314427171,https://digitalcontent.api.tesco.com/v2/media/ghs/7850b1a8-1b86-45d9-8b79-663b8c491fd6/90d0780d-dc3f-460b-afd4-1f7608adcb11.jpeg?h=225&w=225
Tesco Meals Made Easy Mash Potato 1Kg,€4.10,,€4.10/kg,https://www.tesco.ie/groceries/en-IE/products/300808427,https://digitalcontent.api.tesco.com/v2/media/ghs/84e8e958-2ded-4cdf-9282-8661ce3fc148/e384ae4a-c67c-4c5c-afe4-d8651717a1e3_1025452770.jpeg?h=225&w=225
Cully And Sully Chicken And Vegetable Soup 280G,€1.95,,€6.96/kg,https://www.tesco.ie/groceries/en-IE/products/305119843,https://digitalcontent.api.tesco.com/v2/media/ghs/a6f7c3c5-a6d9-4868-a1a5-124edd60ab82/11565e11-3207-4896-9f31-860da722f12b_803983154.jpeg?h=225&w=225
Tesco Piri Piri Chicken Pizza 312g,€2.50,,€8.01/kg,https://www.tesco.ie/groceries/en-IE/products/315567256,https://digitalcontent.api.tesco.com/v2/media/ghs/a67ad075-b59a-4981-ad23-ce17c12ba672/dfaa008f-49ac-459c-9ac4-ab2826426e51_887094006.jpeg?h=225&w=225
Mash Direct Beer Battered Onion Rings 200G,€2.49,,€12.45/kg,https://www.tesco.ie/groceries/en-IE/products/302011963,https://digitalcontent.api.tesco.com/v2/media/ghs/abe45857-2ae0-427e-9448-62abd255f990/276da94c-1704-43a3-afcc-6f5336258e62.jpeg?h=225&w=225
Cully And Sully Creamy Tomato And Basil Soup 750G,€3.79,,€5.05/kg,https://www.tesco.ie/groceries/en-IE/products/285858424,https://digitalcontent.api.tesco.com/v2/media/ghs/e744ba3b-a814-4aa2-84ba-0223764b9cf2/snapshotimagehandler_401468836.jpeg?h=225&w=225
Avonmore Soup Tomato Parmesan 400G,€2.69,,€6.72/kg,https://www.tesco.ie/groceries/en-IE/products/290538773,https://digitalcontent.api.tesco.com/v2/media/ghs/1cc2de28-648f-46c8-ae7a-dfd11c7818fc/4d64be54-956a-4563-9de7-5a7c08e491c3_1049607687.jpeg?h=225&w=225
Pizza Da Piero Fresh Mini Pizza Bases 200G,€3.99,,€19.95/kg,https://www.tesco.ie/groceries/en-IE/products/278656420,https://digitalcontent.api.tesco.com/v2/media/ghs/c14c0b7c-22fb-4803-b903-0e01b9831e6b/d226bfaa-1268-4756-8f2e-2a2dd0557ba1_61702702.jpeg?h=225&w=225
Tesco Meals Made Easy Vegetable Lasagne 1Kg,€7.00,Any 2 for €12.50 Clubcard Price - Selected Tesco Meals Made Easy Products 1kg,€7.00/kg,https://www.tesco.ie/groceries/en-IE/products/312575176,https://digitalcontent.api.tesco.com/v2/media/ghs/260b8a8e-7761-4716-8331-2c6a90131067/d86903c7-c482-4dc6-9c9d-30455b2acf6a_314891647.jpeg?h=225&w=225
Av Soup Fresh Low Fat Mditerranean Vegetable 400G,€2.49,€2.00 Clubcard Price,€6.22/kg,https://www.tesco.ie/groceries/en-IE/products/268616345,https://digitalcontent.api.tesco.com/v2/media/ghs/9a860e60-62de-4005-937e-e378f4722649/8844bcd2-761b-4609-ad4c-12f4cfe1a922_794843765.jpeg?h=225&w=225
Carrolls Tagliatelle Carbonara 400G,€4.69,,€11.72/kg,https://www.tesco.ie/groceries/en-IE/products/309208069,https://digitalcontent.api.tesco.com/v2/media/ghs/0670a99c-70dd-4923-87e1-7068333ecf35/f46d0a7f-e8d1-4f5e-923f-547f28db474f_155750640.jpeg?h=225&w=225
Gosh 6 Veggie Sausages 240G,€3.45,€2.39 Clubcard Price,€14.38/kg,https://www.tesco.ie/groceries/en-IE/products/313847660,https://digitalcontent.api.tesco.com/v2/media/ghs/cdcf37dc-fc95-445a-b2e5-e94a5c9918b5/68840465-cb34-4aff-ac3f-3a4ee753a28a_1106963382.jpeg?h=225&w=225
Rustlers Chicken Sandwich 150G,€2.50,€2.00 Clubcard Price,€16.67/kg,https://www.tesco.ie/groceries/en-IE/products/255956866,https://digitalcontent.api.tesco.com/v2/media/ghs/a9fb97df-2f50-479d-a39e-7c736af98bf7/3f1e3d01-19a2-4ed4-9785-1832095a0314_919336747.jpeg?h=225&w=225
Cully & Sully Full Bodied Vegetable Soup 750G,€3.79,,€5.05/kg,https://www.tesco.ie/groceries/en-IE/products/285858272,https://digitalcontent.api.tesco.com/v2/media/ghs/810451d8-0cd2-4efc-8efa-5da9644f8127/snapshotimagehandler_818402802.jpeg?h=225&w=225
Tesco Chicken Korma With Pilau Rice 400G,€3.95,,€9.88/kg,https://www.tesco.ie/groceries/en-IE/products/313967978,https://digitalcontent.api.tesco.com/v2/media/ghs/82acfdfd-e63a-4ba1-849b-f7ed91b96cc8/d44baeb4-f76e-4b39-b60f-b2b07539fed0_664053998.jpeg?h=225&w=225
Cully And Sully Chicken And Vegetable Broth 500G,€3.99,,€7.98/kg,https://www.tesco.ie/groceries/en-IE/products/298370928,https://digitalcontent.api.tesco.com/v2/media/ghs/4a803963-0f24-4eda-ae47-b2c3896a73a0/snapshotimagehandler_1398055917.jpeg?h=225&w=225
Tesco Chicken Tikka Wrap 186G,€3.75,Meal Deal for €4.49 - Buy Any 1 Pasta Or Wrap Or Sandwich Or Salad Or Sushi & 1 Crisp Or Fruit & 1 Drink,€20.16/kg,https://www.tesco.ie/groceries/en-IE/products/277600125,https://digitalcontent.api.tesco.com/v2/media/ghs/0a43123b-1d6e-4433-8d3f-16a2da1cddcd/snapshotimagehandler_243006952.jpeg?h=225&w=225
Avonmore Green Thai Chicken Soup 400G,€2.69,,€6.72/kg,https://www.tesco.ie/groceries/en-IE/products/307744894,https://digitalcontent.api.tesco.com/v2/media/ghs/17f72efc-ff21-4b14-8c50-b372711a9a58/c4dcde5a-b45d-45d1-945c-ddd83bb6c9b2_1012867162.jpeg?h=225&w=225
Tesco Irish Clsc Chicken Curry& Rice 500G,€4.25,,€8.50/kg,https://www.tesco.ie/groceries/en-IE/products/294514000,https://digitalcontent.api.tesco.com/v2/media/ghs/78415ec9-db6f-45d1-94cb-a7e625336b0d/snapshotimagehandler_1726351768.jpeg?h=225&w=225
Rustlers Hot Dog 146G,€1.95,€1.75 Clubcard Price,€13.36/kg,https://www.tesco.ie/groceries/en-IE/products/253141802,https://digitalcontent.api.tesco.com/v2/media/ghs/d2802769-a61e-41aa-a163-8aabd804e490/3f4c7142-5801-415a-88cb-111f21875c7d_1398756653.jpeg?h=225&w=225
Walls Honest Proper Chips 500G,€3.69,,€7.38/kg,https://www.tesco.ie/groceries/en-IE/products/311229715,https://digitalcontent.api.tesco.com/v2/media/ghs/cfd6d857-9c03-4584-8381-0041bb0e4f3d/f61be957-e381-4f46-8844-4292d3d08b21_114284146.jpeg?h=225&w=225
Tesco Finest Chicken Korma And Pilau Rice 450G,€5.50,,€12.22/kg,https://www.tesco.ie/groceries/en-IE/products/309774238,https://digitalcontent.api.tesco.com/v2/media/ghs/8b99fd70-39c7-42c6-baad-918acc421a76/98b0b060-4368-4b39-a4d8-127ac57aea81_1073499913.jpeg?h=225&w=225
Tesco Finest Four Cheese Bread With Pangratatto 245G,€3.00,Meal Deal for €12.50 Clubcard Price - Buy Any 2 Finest Pizza & 2 Finest Sides Or Drinks,€12.24/kg,https://www.tesco.ie/groceries/en-IE/products/313365204,https://digitalcontent.api.tesco.com/v2/media/ghs/318fd394-ca89-4371-85df-ae931132defd/c71ce401-5d91-47e7-91d0-58394db6384a.jpeg?h=225&w=225
Tesco Spaghetti Carbonara 400G,€3.75,,€9.38/kg,https://www.tesco.ie/groceries/en-IE/products/310670861,https://digitalcontent.api.tesco.com/v2/media/ghs/d683da7c-1b7f-40c4-9be0-a05ac4de8653/5c93a7bb-e4df-4f90-838b-9e42881cafdb.jpeg?h=225&w=225
Rustlers All Day Breakfast Sausage Muffin 155G,€2.50,,€16.13/kg,https://www.tesco.ie/groceries/en-IE/products/300903602,https://digitalcontent.api.tesco.com/v2/media/ghs/f3b7e623-20ff-4516-9322-0a02db1dca68/8a158b5a-365c-436d-9861-27a549865333.jpeg?h=225&w=225
Everest Hi Protein Mint Pudding 200G,€1.50,Meal Deal for €4.49 - Buy Any 1 Pasta Or Wrap Or Sandwich Or Salad Or Sushi & 1 Crisp Or Fruit & 1 Drink,€7.50/kg,https://www.tesco.ie/groceries/en-IE/products/310692126,https://digitalcontent.api.tesco.com/v2/media/ghs/ee7dde89-6760-4573-8671-7ce54be47830/0cd41e9d-6814-4975-a9df-ed6689cab6cd_786246839.jpeg?h=225&w=225
Kinsale Bay Food Co Kinsale Fish Pie 400G,€5.85,,€14.62/kg,https://www.tesco.ie/groceries/en-IE/products/268643076,https://digitalcontent.api.tesco.com/v2/media/ghs/93f13876-510d-436b-be8c-7d0c4e4fe626/34827a3c-5193-4a17-a097-e921dcac6f5b_783741729.jpeg?h=225&w=225
Cully And Sully Shepherds Pie 400G,€4.99,,€12.48/kg,https://www.tesco.ie/groceries/en-IE/products/268991164,https://digitalcontent.api.tesco.com/v2/media/ghs/08286786-3fce-4386-8c2e-80c2706d3ead/cfc2710e-febd-4ec4-a344-c4091bdd250e_1076084192.jpeg?h=225&w=225
"Tesco Finest Ham, Mushroom And Mascarpone Pizza 250G",€3.50,,€14.00/kg,https://www.tesco.ie/groceries/en-IE/products/310112457,https://digitalcontent.api.tesco.com/v2/media/ghs/fc3b9ab7-bf95-40fd-8134-90ca42e3c33c/f1f77072-d2b5-47bf-bbc1-e36dd152abe0_1127431162.jpeg?h=225&w=225
Country Kitchen Roasted Vegetable Cous Cous 220G,€2.25,,€10.23/kg,https://www.tesco.ie/groceries/en-IE/products/309402806,https://digitalcontent.api.tesco.com/v2/media/ghs/035f854f-556c-4cfa-97e3-ebecf4710334/b75a8c9c-6cf8-4435-97cf-6b7d542a1e3e.jpeg?h=225&w=225
Tesco Beef Bolognese Fresh Ravioli 300g,€2.75,,€9.17/kg,https://www.tesco.ie/groceries/en-IE/products/314094396,https://digitalcontent.api.tesco.com/v2/media/ghs/ae8304e3-aeac-41de-b95b-0a358563dedd/2d21e311-523c-48ad-b130-827b72bc65bb_1954040925.jpeg?h=225&w=225
"Carroll""S Vegetarian Lasaagne 400G",€4.69,€3.69 Clubcard Price,€11.72/kg,https://www.tesco.ie/groceries/en-IE/products/304778150,https://digitalcontent.api.tesco.com/v2/media/ghs/92ca95dd-d432-42ed-a104-8f42f8df6da9/snapshotimagehandler_1128121148.jpeg?h=225&w=225
Tesco Finest Spianata & Hot Honey Wood Fired Pizza 465g,€5.50,Meal Deal for €12.50 Clubcard Price - Buy Any 2 Finest Pizza & 2 Finest Sides Or Drinks,€11.83/kg,https://www.tesco.ie/groceries/en-IE/products/315574132,https://digitalcontent.api.tesco.com/v2/media/ghs/b960d77c-8fe0-431d-9f98-f6aabfb5cf54/51473115-7e37-4ba6-b3f9-c63646c59c9a_371974068.jpeg?h=225&w=225
Everest Hipro Chocolate Flavoured Prtn Pudding 200G,€1.50,Meal Deal for €4.49 - Buy Any 1 Pasta Or Wrap Or Sandwich Or Salad Or Sushi & 1 Crisp Or Fruit & 1 Drink,€7.50/kg,https://www.tesco.ie/groceries/en-IE/products/307361563,https://digitalcontent.api.tesco.com/v2/media/ghs/224412ec-35df-4034-88b4-af01e041b097/snapshotimagehandler_803513151.jpeg?h=225&w=225
Oishii Sushi Shellfish Supreme 155G,€3.50,Meal Deal for €4.49 - Buy Any 1 Pasta Or Wrap Or Sandwich Or Salad Or Sushi & 1 Crisp Or Fruit & 1 Drink,€22.58/kg,https://www.tesco.ie/groceries/en-IE/products/311424115,https://digitalcontent.api.tesco.com/v2/media/ghs/b3d2ecc3-3586-4508-8247-38a1e91340b5/8bcff23e-412b-48ec-931f-8facb74126d5_141526306.jpeg?h=225&w=225
Tesco Chicken And Bacon Caesar Wrap 191G,€3.75,Meal Deal for €4.49 - Buy Any 1 Pasta Or Wrap Or Sandwich Or Salad Or Sushi & 1 Crisp Or Fruit & 1 Drink,€19.63/kg,https://www.tesco.ie/groceries/en-IE/products/312096276,https://digitalcontent.api.tesco.com/v2/media/ghs/b6ba03c5-40d8-4c59-b900-9ce246e11a95/c111a675-7f0e-4ccc-9a27-668fa1a74693_1335913772.jpeg?h=225&w=225
Tesco Finest Cottage Pie 800G,€8.50,,€10.62/kg,https://www.tesco.ie/groceries/en-IE/products/310119254,https://digitalcontent.api.tesco.com/v2/media/ghs/38599281-cbb1-4557-bd8f-294e45c822c1/a90fdc37-051c-4368-9e13-d0af2ddf3aea_947252828.jpeg?h=225&w=225
Tesco Chicken And Stuffing 157G,€3.50,Meal Deal for €4.49 - Buy Any 1 Pasta Or Wrap Or Sandwich Or Salad Or Sushi & 1 Crisp Or Fruit & 1 Drink,€22.29/kg,https://www.tesco.ie/groceries/en-IE/products/271644572,https://digitalcontent.api.tesco.com/v2/media/ghs/85df81e7-43d9-4a11-a1fd-ca07d009d77e/snapshotimagehandler_1974810619.jpeg?h=225&w=225
Cully And Sully Chicken And Leek Risotto 400G,€3.49,,€8.72/kg,https://www.tesco.ie/groceries/en-IE/products/307750546,https://digitalcontent.api.tesco.com/v2/media/ghs/81401262-39e5-42e7-9c2b-01cf1a48bc65/ac582376-c730-4d4e-9fd0-98c9dd4adfac_1618975981.jpeg?h=225&w=225
Gosh Spinach And Pinenut Bites 171G,€3.45,€2.39 Clubcard Price,€20.18/kg,https://www.tesco.ie/groceries/en-IE/products/313735207,https://digitalcontent.api.tesco.com/v2/media/ghs/3112450e-ef78-4e11-90d1-38522e665286/03fecd7a-7677-4903-9c8f-d83957f3fc26_787136212.jpeg?h=225&w=225
Tesco Mashed Turnip 400G,€2.30,,€5.75/kg,https://www.tesco.ie/groceries/en-IE/products/311676542,https://digitalcontent.api.tesco.com/v2/media/ghs/12c4a534-80dc-4c89-8e4f-1d4c74fe27a0/af18d04c-aa68-49b1-b8ae-c973ebd80cfc_272823300.jpeg?h=225&w=225
Tesco Chicken Chow Mein 400G,€3.95,,€9.88/kg,https://www.tesco.ie/groceries/en-IE/products/288442341,https://digitalcontent.api.tesco.com/v2/media/ghs/3ea1b226-89df-492d-acd8-d21e2369440d/b3dcd2ea-871d-40f4-9dd0-d0618d548697.jpeg?h=225&w=225
Cauldron Hoisin Tofu Pieces 160G,€3.30,€2.47 Clubcard Price,€20.62/kg,https://www.tesco.ie/groceries/en-IE/products/311422866,https://digitalcontent.api.tesco.com/v2/media/ghs/c64f3500-2c6d-4e86-8dea-cdd667308d4f/a6a85e36-1fc0-4282-8b7f-d2eada03817b_986180581.jpeg?h=225&w=225
Tesco Cajun Chicken Wrap 181G,€3.75,Meal Deal for €4.49 - Buy Any 1 Pasta Or Wrap Or Sandwich Or Salad Or Sushi & 1 Crisp Or Fruit & 1 Drink,€20.72/kg,https://www.tesco.ie/groceries/en-IE/products/312720707,https://digitalcontent.api.tesco.com/v2/media/ghs/eff5be0d-3d22-4a72-8bea-2fac56ea8066/d509cf86-14cd-441a-a6d3-e1bd5cebe867_1175648656.jpeg?h=225&w=225
Everest Hipro Salted Caramel Prtn Pudding 200G,€1.50,Meal Deal for €4.49 - Buy Any 1 Pasta Or Wrap Or Sandwich Or Salad Or Sushi & 1 Crisp Or Fruit & 1 Drink,€7.50/kg,https://www.tesco.ie/groceries/en-IE/products/307338822,https://digitalcontent.api.tesco.com/v2/media/ghs/97548f82-7fc8-482d-9255-4741387ec30a/bc092693-9a42-4502-90a3-a4dcd6a01e1d_1176153797.jpeg?h=225&w=225
Cully And Sully Vegetable Soup 280G,€1.95,,€6.96/kg,https://www.tesco.ie/groceries/en-IE/products/305119866,https://digitalcontent.api.tesco.com/v2/media/ghs/0e04b42e-54c1-4f0f-85ec-2b1dbc43e28d/955c4597-392d-4c61-a443-70dfc70e5e09_237206034.jpeg?h=225&w=225
Cully And Sully Tomato Soup 280G,€1.95,,€6.96/kg,https://www.tesco.ie/groceries/en-IE/products/305136436,https://digitalcontent.api.tesco.com/v2/media/ghs/1ddc2ccf-9220-44e0-a60e-214ceaecbab3/48f60b38-a288-42c6-92e9-42dfd3dc721a_329160486.jpeg?h=225&w=225
Purepower Massaman Chicken Curry And Rice 400G,€5.50,,€13.75/kg,https://www.tesco.ie/groceries/en-IE/products/312341159,https://digitalcontent.api.tesco.com/v2/media/ghs/ea4d559c-a905-42a0-b642-2b684bbb0be7/12e81386-5246-4799-8630-f363e82fe3db_461153559.jpeg?h=225&w=225
Tesco Bacon Lettuce Tomato Sandwich 177G,€3.50,Meal Deal for €4.49 - Buy Any 1 Pasta Or Wrap Or Sandwich Or Salad Or Sushi & 1 Crisp Or Fruit & 1 Drink,€19.77/kg,https://www.tesco.ie/groceries/en-IE/products/296057969,https://digitalcontent.api.tesco.com/v2/media/ghs/3e11d599-8564-4133-8131-320f74881645/snapshotimagehandler_1180580219.jpeg?h=225&w=225
Tesco Finest Chicken And Chorizo Paella 475G,€5.50,,€11.58/kg,https://www.tesco.ie/groceries/en-IE/products/310186829,https://digitalcontent.api.tesco.com/v2/media/ghs/62681d51-656a-4237-a886-87d3844d9201/65c4d855-8f56-4fd3-bc80-d458a9976694_1197360701.jpeg?h=225&w=225
La Famiglia Rana Prosciutto & Mozzarella Tortelloni 250G,€3.50,€2.80 Clubcard Price,€14.00/kg,https://www.tesco.ie/groceries/en-IE/products/314925791,https://digitalcontent.api.tesco.com/v2/media/ghs/aa526bb9-1ec9-47bc-b014-00bc6d720855/524772f3-e65b-4888-bdd4-b1aee22b8dfe_920471287.jpeg?h=225&w=225
Carroll's Tagliatelle Bolognese 400G,€4.69,,€11.72/kg,https://www.tesco.ie/groceries/en-IE/products/286831051,https://digitalcontent.api.tesco.com/v2/media/ghs/f9381d89-87b4-409d-a790-53d41e98b7ca/501b687e-3c71-44b2-a40a-8ad97e7873b4_704302568.jpeg?h=225&w=225
Europizza Pizza Base 30Cm 2 X 220G,€4.99,,€11.34/kg,https://www.tesco.ie/groceries/en-IE/products/310154021,https://digitalcontent.api.tesco.com/v2/media/ghs/194d952a-4fea-4aed-805e-b6c1a9ee5413/6fae62ff-7991-4a99-a24f-be19bad13218_460627183.jpeg?h=225&w=225
Rudd's Plant Based Rashers 8 Slices 180G,€3.50,,€19.44/kg,https://www.tesco.ie/groceries/en-IE/products/311204407,https://digitalcontent.api.tesco.com/v2/media/ghs/0feee317-ee4d-4a4b-b022-10b993510112/3ba95256-ab5b-423e-ae1b-799f090a3420_381819078.jpeg?h=225&w=225
Tesco Southern Fried Chicken Bbq Slaw Wrap 198G,€3.75,Meal Deal for €4.49 - Buy Any 1 Pasta Or Wrap Or Sandwich Or Salad Or Sushi & 1 Crisp Or Fruit & 1 Drink,€18.94/kg,https://www.tesco.ie/groceries/en-IE/products/301869865,https://digitalcontent.api.tesco.com/v2/media/ghs/3ea4ad73-a0fb-4116-9f1c-2b8a8ea36968/snapshotimagehandler_1022333385.jpeg?h=225&w=225
The Galway Kitchen Classic Red Pesto 140g,€2.25,,€16.07/kg,https://www.tesco.ie/groceries/en-IE/products/315345487,https://digitalcontent.api.tesco.com/v2/media/ghs/cab15add-3afa-443d-82ea-b320e38a4bf0/e0e43383-9afc-48b9-830b-2566ba824bfd_515209103.jpeg?h=225&w=225
Tesco Tomato And Basil Chicken Pasta 294G,€3.50,Meal Deal for €4.49 - Buy Any 1 Pasta Or Wrap Or Sandwich Or Salad Or Sushi & 1 Crisp Or Fruit & 1 Drink,€11.90/kg,https://www.tesco.ie/groceries/en-IE/products/305984409,https://digitalcontent.api.tesco.com/v2/media/ghs/093e32df-0cd0-4a37-8d22-f376b3c784d2/snapshotimagehandler_733205174.jpeg?h=225&w=225
Tescosouthern Friedchicken Wrap 176G,€3.75,Meal Deal for €4.49 - Buy Any 1 Pasta Or Wrap Or Sandwich Or Salad Or Sushi & 1 Crisp Or Fruit & 1 Drink,€21.31/kg,https://www.tesco.ie/groceries/en-IE/products/296128805,https://digitalcontent.api.tesco.com/v2/media/ghs/ce8e23b1-223a-4ea7-8dbe-266c2be4374d/snapshotimagehandler_519718977.jpeg?h=225&w=225
Tesco Chicken Jalfrezi With Pilau Rice 400G,€3.95,,€9.88/kg,https://www.tesco.ie/groceries/en-IE/products/313942823,https://digitalcontent.api.tesco.com/v2/media/ghs/c2154d1d-2c6a-4589-82ae-b2c6b1fef774/751d3ac5-54a6-407f-b535-7b51d2739d1a_64521829.jpeg?h=225&w=225
Tesco Chicken Pesto Pasta 224G,€3.50,Meal Deal for €4.49 - Buy Any 1 Pasta Or Wrap Or Sandwich Or Salad Or Sushi & 1 Crisp Or Fruit & 1 Drink,€15.62/kg,https://www.tesco.ie/groceries/en-IE/products/305973055,https://digitalcontent.api.tesco.com/v2/media/ghs/22875a05-e70d-4563-ac7e-8f382a8fd263/snapshotimagehandler_1226255172.jpeg?h=225&w=225
Bol Creamy Coconut Turmeric Daal Power Pot 450G,€3.95,€2.95 Clubcard Price,€8.78/kg,https://www.tesco.ie/groceries/en-IE/products/309206774,https://digitalcontent.api.tesco.com/v2/media/ghs/63cb126e-d01e-479c-b8d2-c32d61d83097/b3e49371-1278-407f-915d-8ba2767d2240.jpeg?h=225&w=225
Tesco Finest Triple Cooked Chips 400G,€3.50,,€8.75/kg,https://www.tesco.ie/groceries/en-IE/products/297660374,https://digitalcontent.api.tesco.com/v2/media/ghs/a812f23e-067c-4f8e-9edd-8ea3b29d8bfc/72304e9c-c4ad-4dd8-b8b5-bdb44ea6a3d2.jpeg?h=225&w=225
Guastalla Fresh Basil Pesto 150g,€3.29,,€21.93/kg,https://www.tesco.ie/groceries/en-IE/products/310189953,https://digitalcontent.api.tesco.com/v2/media/ghs/f581b09a-8d8e-4c1c-832a-61d1f29f6599/bff87fba-27ef-4f13-8ae5-ff8371e8ea00_1446407744.jpeg?h=225&w=225
Tesco Irish Classics Turkey Ham Dinner500g,€4.25,,€8.50/kg,https://www.tesco.ie/groceries/en-IE/products/288835527,https://digitalcontent.api.tesco.com/v2/media/ghs/2c633790-e479-462b-8b7d-f315182e2283/snapshotimagehandler_2007062359.jpeg?h=225&w=225
Purepower Loaded Taco Fries 400G,€5.50,,€13.75/kg,https://www.tesco.ie/groceries/en-IE/products/312578766,https://digitalcontent.api.tesco.com/v2/media/ghs/2e667569-9ebc-45e9-9e42-e88992a2c020/e1240aa1-7fc9-41cf-9e86-04ca0688ace4_706272355.jpeg?h=225&w=225
Patamore Fresh Pumpkin Gnocchi Striped 400G,€3.79,,€9.48/kg,https://www.tesco.ie/groceries/en-IE/products/309786247,https://digitalcontent.api.tesco.com/v2/media/ghs/8850d51b-4f2b-4b06-a25a-3bdbd2a3451c/72de2d3b-4ad6-4296-bff3-c6d8ee1566d7_1097618713.jpeg?h=225&w=225
Tesco 2X Extra Strong Garlic Baguettes 410G,€1.75,,€4.27/kg,https://www.tesco.ie/groceries/en-IE/products/307339959,https://digitalcontent.api.tesco.com/v2/media/ghs/33f4a698-4e36-4d8e-b967-83325c86ce99/7e54796f-aa99-4409-9ac1-5fc434f74a4e.jpeg?h=225&w=225
Carroll's Traditional Chip Shop Chicken Curry 420G,€4.69,,€11.17/kg,https://www.tesco.ie/groceries/en-IE/products/286831241,https://digitalcontent.api.tesco.com/v2/media/ghs/d5f5522d-fc4c-4657-82f1-3e3f81e083e5/5a067664-2986-49b6-b20e-2c80770b2c06_1196422765.jpeg?h=225&w=225
La Famiglia Rana Spinach & Mozzarella Filled Gnocchi 280G,€3.50,€2.80 Clubcard Price,€12.50/kg,https://www.tesco.ie/groceries/en-IE/products/315077997,https://digitalcontent.api.tesco.com/v2/media/ghs/6b016296-c7fa-4124-8a24-2c9abcf6ce8b/e6d9556a-c652-4adc-8512-2d712808a369_876120788.jpeg?h=225&w=225
Tesco 4 Vegetable Samosas 216G,€2.75,,€12.73/kg,https://www.tesco.ie/groceries/en-IE/products/305831022,https://digitalcontent.api.tesco.com/v2/media/ghs/6830937e-fac3-47e7-bc67-a453f1a9b8ed/eaac68b9-5c30-4731-8a92-ca3dc1cf741f.jpeg?h=225&w=225
Purepower Steak With Baby Potato And Spinach 400G,€5.50,,€13.75/kg,https://www.tesco.ie/groceries/en-IE/products/312713820,https://digitalcontent.api.tesco.com/v2/media/ghs/35f627d7-e32d-4413-b2b0-0e86b8c4b2af/2e65a794-ab45-4452-8a6e-18797deb0ba7_2126496417.jpeg?h=225&w=225
"Av Soup Smooth Vg With Cream Frche ,Grdn Herbs 400G",€2.49,€2.00 Clubcard Price,€6.22/kg,https://www.tesco.ie/groceries/en-IE/products/280318542,https://digitalcontent.api.tesco.com/v2/media/ghs/7f1f49ad-2295-428e-8d63-623993ac02ce/a11b57ca-158e-4c42-a683-5f91da6599c9_194846861.jpeg?h=225&w=225
Purepower Chicken Curry With Rice 400G,€5.50,,€13.75/kg,https://www.tesco.ie/groceries/en-IE/products/312699375,https://digitalcontent.api.tesco.com/v2/media/ghs/4891180e-aaa9-4abc-b28b-eb644b01247c/a023dc46-9855-4892-92cc-506526c06359_401558489.jpeg?h=225&w=225
Tesco H'nh Chicken And Stuffing And Chicken And Bacon Sandwich 157G,€3.50,Meal Deal for €4.49 - Buy Any 1 Pasta Or Wrap Or Sandwich Or Salad Or Sushi & 1 Crisp Or Fruit & 1 Drink,€22.29/kg,https://www.tesco.ie/groceries/en-IE/products/312693836,https://digitalcontent.api.tesco.com/v2/media/ghs/43007467-13be-4ae9-8bdb-afa30e907908/09e94a3e-1598-4424-9d0b-f2f294202eec_1350784665.jpeg?h=225&w=225
San Marco Potato Gnocchi 500G,€3.09,,€6.18/kg,https://www.tesco.ie/groceries/en-IE/products/310174498,https://digitalcontent.api.tesco.com/v2/media/ghs/b897a7eb-ea9d-4e21-a9ed-665dac7208d2/5810ce84-d93e-4ee0-acfb-91395a20ec82_246311545.jpeg?h=225&w=225
San Marco Fresh Egg Spaghetti 250G,€2.55,,€10.20/kg,https://www.tesco.ie/groceries/en-IE/products/310163373,https://digitalcontent.api.tesco.com/v2/media/ghs/e656171a-84d3-4f60-ae89-c2b1dd7e3e1b/75fb5e4b-5481-45be-aefc-535c6df88d69_1932907590.jpeg?h=225&w=225
Tesco Chicken And Bacon Sandwich 152G,€3.50,Meal Deal for €4.49 - Buy Any 1 Pasta Or Wrap Or Sandwich Or Salad Or Sushi & 1 Crisp Or Fruit & 1 Drink,€23.03/kg,https://www.tesco.ie/groceries/en-IE/products/312234557,https://digitalcontent.api.tesco.com/v2/media/ghs/99d00f0a-7613-4633-9b1e-49c456c90eee/541d0633-ddfd-455f-bef8-88305c253edf_968134613.jpeg?h=225&w=225
Tesco Indian Onion Bhajis 294G,€2.75,,€9.35/kg,https://www.tesco.ie/groceries/en-IE/products/273927062,https://digitalcontent.api.tesco.com/v2/media/ghs/9fc0b9dc-10ba-4fc5-8b28-b4028036e89b/bc808a5e-02de-43ac-951e-3fbc800b9f0f.jpeg?h=225&w=225
Bol Middle Eastern Harissa Stew Pot 450G,€3.95,€2.95 Clubcard Price,€8.78/kg,https://www.tesco.ie/groceries/en-IE/products/315053501,https://digitalcontent.api.tesco.com/v2/media/ghs/c03724a1-4081-452d-9df4-ba568127656b/fa58b8cb-1e4a-44cb-80a9-21dedf23bd9b.jpeg?h=225&w=225
Cully And Sully Beef And Vegetable Broth 550G,€3.99,,€7.98/kg,https://www.tesco.ie/groceries/en-IE/products/298370738,https://digitalcontent.api.tesco.com/v2/media/ghs/7d797154-d103-44d5-b70f-1a447bab5ec0/snapshotimagehandler_596544201.jpeg?h=225&w=225
Avonmore Vegetable Soup Italian Parsley 400G,€2.69,,€6.72/kg,https://www.tesco.ie/groceries/en-IE/products/290538531,https://digitalcontent.api.tesco.com/v2/media/ghs/e7920ccc-d9f4-4be8-a73f-d5c35a76d7d4/1c60017e-4e3a-4438-9572-dcc10a3faefc_395219999.jpeg?h=225&w=225
Tesco Beef Lasagne 750G,€5.25,,€7.00/kg,https://www.tesco.ie/groceries/en-IE/products/310659037,https://digitalcontent.api.tesco.com/v2/media/ghs/46d90857-7159-4bc4-abdd-420127034279/c46fdc6b-711d-496d-91c7-1f1877c9f79d.jpeg?h=225&w=225
Kinsale Bay Food Company Cottage Pie 400G,€5.49,,€13.72/kg,https://www.tesco.ie/groceries/en-IE/products/308083124,https://digitalcontent.api.tesco.com/v2/media/ghs/a364d0e8-7aa8-4c12-85ba-49a56699494f/592fe54a-5e9f-4adf-ac6b-ed1f7b9b464b_369019126.jpeg?h=225&w=225
Tesco Spaghetti Bolognese 400G,€3.95,,€9.88/kg,https://www.tesco.ie/groceries/en-IE/products/310690468,https://digitalcontent.api.tesco.com/v2/media/ghs/42665aa2-60fc-4a78-bb19-ae44793ff192/a52339dd-4772-45c4-836f-acfda8a82892.jpeg?h=225&w=225
Gosh Beetroot Falafel With Red Pepper And Chli 171G,€3.45,€2.39 Clubcard Price,€20.18/kg,https://www.tesco.ie/groceries/en-IE/products/314586880,https://digitalcontent.api.tesco.com/v2/media/ghs/079aacea-4506-4712-a911-ff41c7ac5552/de26e0e3-0d72-4077-a28d-9ba1f0f8e40c_535556911.jpeg?h=225&w=225
Sons Of Butchers Southern Fried Trick 'N Goujons 200G,€4.00,€3.19 Clubcard Price,€20.00/kg,https://www.tesco.ie/groceries/en-IE/products/311276670,https://digitalcontent.api.tesco.com/v2/media/ghs/7e3837dd-a9fa-44fe-848f-e9c896e07071/4815891d-2d53-4e80-ab14-8b98103c5c61_1671866287.jpeg?h=225&w=225
Rustlers Southern Fried Chicken Sandwich 158 G,€2.99,,€18.92/kg,https://www.tesco.ie/groceries/en-IE/products/265500659,https://digitalcontent.api.tesco.com/v2/media/ghs/3252be3b-1a9b-406c-8ca7-4d5dc755c685/e202cfe3-30e3-48a8-9722-7c390dc2e076.jpeg?h=225&w=225
"Tesco Finest Chicken, Bacon And Leek Pie 800G",€8.50,,€10.62/kg,https://www.tesco.ie/groceries/en-IE/products/314943291,https://digitalcontent.api.tesco.com/v2/media/ghs/527f2691-1a21-4e2e-8574-81776594af43/fc8c653a-cfd3-4334-b374-09e82d7a5a8f_1230822894.jpeg?h=225&w=225
Sons Of Butchers Bluff Strips 160G,€3.99,€3.19 Clubcard Price,€24.94/kg,https://www.tesco.ie/groceries/en-IE/products/314686151,https://digitalcontent.api.tesco.com/v2/media/ghs/00c1a233-0275-457c-afe6-b721722f176f/3df311cd-f812-4766-9271-c1c7f9fd17d1_783992099.jpeg?h=225&w=225
San Marco Fresh Egg Tagliatelle 250G,€2.55,,€10.20/kg,https://www.tesco.ie/groceries/en-IE/products/310155976,https://digitalcontent.api.tesco.com/v2/media/ghs/a87b7b57-c2eb-47ec-91ed-5cdcb67c417d/8b0daadb-e4b0-4e58-8703-9f8de328aa34_145398967.jpeg?h=225&w=225
Tesco Double Egg Salad 189G,€3.50,Meal Deal for €4.49 - Buy Any 1 Pasta Or Wrap Or Sandwich Or Salad Or Sushi & 1 Crisp Or Fruit & 1 Drink,€18.52/kg,https://www.tesco.ie/groceries/en-IE/products/288175904,https://digitalcontent.api.tesco.com/v2/media/ghs/3a5b57fd-2f1c-4927-a517-01a19c15c8dd/snapshotimagehandler_2059475823.jpeg?h=225&w=225
Tesco Finest Beef And Black Bean Savoury Egg Rice 400G,€5.50,,€13.75/kg,https://www.tesco.ie/groceries/en-IE/products/314820315,https://digitalcontent.api.tesco.com/v2/media/ghs/56e665ea-9b9c-44b5-9cef-9185f80538b4/ee5f2c37-8ec6-474d-bf29-96fa09a70d8c_1653476941.jpeg?h=225&w=225
Carroll's Salmon Tagliatelle 400G,€4.69,,€11.72/kg,https://www.tesco.ie/groceries/en-IE/products/286830714,https://digitalcontent.api.tesco.com/v2/media/ghs/93421142-d7bc-4ea0-8d2f-4c15c516ef8f/f465c351-b985-453d-b8f3-07571a62824c_451269581.jpeg?h=225&w=225
"Fit Meals Cajan Chicken, Peppers And Noodles 450G",€5.50,,€12.22/kg,https://www.tesco.ie/groceries/en-IE/products/311954386,https://digitalcontent.api.tesco.com/v2/media/ghs/770ed76f-d8f1-4cc6-a3c4-bdf53328db85/5d254105-f920-4e17-b2ba-a67923b6ba32_1672679357.jpeg?h=225&w=225
Bol Spanish Smoky Butter Bean Stew Power Pot 450G,€3.95,€2.95 Clubcard Price,€8.78/kg,https://www.tesco.ie/groceries/en-IE/products/309209569,https://digitalcontent.api.tesco.com/v2/media/ghs/51ce4fd2-4b68-4788-acf9-5deb20bbca44/17f2a32b-8c59-4f8f-a199-2c347cd9259f.jpeg?h=225&w=225
Tesco Chicken Salad Sandwich 178G,€3.50,Meal Deal for €4.49 - Buy Any 1 Pasta Or Wrap Or Sandwich Or Salad Or Sushi & 1 Crisp Or Fruit & 1 Drink,€19.66/kg,https://www.tesco.ie/groceries/en-IE/products/310121515,https://digitalcontent.api.tesco.com/v2/media/ghs/71080e88-f468-4347-b812-9d01efd2f050/4a526412-76bf-41fd-9e2f-805cf49337a1_652591129.jpeg?h=225&w=225
Tesco Macaroni Cheese 750G,€5.25,,€7.00/kg,https://www.tesco.ie/groceries/en-IE/products/310699735,https://digitalcontent.api.tesco.com/v2/media/ghs/78ea595f-30b8-4a00-81a2-b106e39f7097/9b2dfa12-8310-45df-9b19-ed9d63c9055f.jpeg?h=225&w=225
Cully And Sully Mushroom Risotto 400G,€3.49,,€8.72/kg,https://www.tesco.ie/groceries/en-IE/products/307746539,https://digitalcontent.api.tesco.com/v2/media/ghs/0faedebb-f55f-40be-809e-bf802657721a/f87ef528-db5e-48fe-aa41-8be9f8b568c2_1412291605.jpeg?h=225&w=225
Country Kitchen Pesto Pasta 175G,€2.50,,€14.29/kg,https://www.tesco.ie/groceries/en-IE/products/309403022,https://digitalcontent.api.tesco.com/v2/media/ghs/58ff8bb3-ec73-4544-9023-fba963f3189c/6a5d596b-4796-46b0-91d9-28d60b2a7655.jpeg?h=225&w=225
Purepower Pulled Chicken Fillet And Whole Wheat Pasta 400G,€5.50,,€13.75/kg,https://www.tesco.ie/groceries/en-IE/products/311790247,https://digitalcontent.api.tesco.com/v2/media/ghs/3ec66dec-fe40-4bd4-a6d9-b9b4c4fb4a4b/01d27a90-6c6a-4644-8830-33680bba7ce3_1325566199.jpeg?h=225&w=225
Thanks Plants 4 Frankfurter 280G,€3.49,,€12.46/kg,https://www.tesco.ie/groceries/en-IE/products/311684667,https://digitalcontent.api.tesco.com/v2/media/ghs/5c9a74d2-e012-4e12-a64c-1cd7c92f2b29/88dc0adb-3731-45e9-bb71-ac8f7981ed21_260697195.jpeg?h=225&w=225
Thanks Plants Everyday Roast 500G,€8.95,,€17.90/kg,https://www.tesco.ie/groceries/en-IE/products/311792527,https://digitalcontent.api.tesco.com/v2/media/ghs/6a24360d-0987-41be-b00c-0f572f0c4405/f9e3f5ef-c6e2-4048-9718-94944dd3f17f_1327216951.jpeg?h=225&w=225
Tesco Finest Mac And Triple Cheese 800G,€8.50,,€10.62/kg,https://www.tesco.ie/groceries/en-IE/products/315062997,https://digitalcontent.api.tesco.com/v2/media/ghs/4779eee7-bb4d-4a24-9ea3-080790e7d7db/216bb0ba-8b7c-43f8-8cda-b6c6c575f816_1845082111.jpeg?h=225&w=225
Patamore Fresh Spinach Gnocchi 400G,€3.79,,€9.48/kg,https://www.tesco.ie/groceries/en-IE/products/310181944,https://digitalcontent.api.tesco.com/v2/media/ghs/55e0880e-c06f-4f16-bf39-069a42d08ae6/c24d1375-b779-4bb2-badc-a7cb58ec0b5a_137825886.jpeg?h=225&w=225
Tesco Finest Fennel Sausage Ragu 250g,€3.85,Any 2 for €6 Clubcard Price - Selected Tesco Finest* Pizza Pasta 250g,€15.40/kg,https://www.tesco.ie/groceries/en-IE/products/314689666,https://digitalcontent.api.tesco.com/v2/media/ghs/a2adb463-17b6-4e7d-bd39-279d7e8b6d85/fe933774-1c62-4979-a035-eecd20352671.jpeg?h=225&w=225
Tesco Finest Mushroom & Madeira Sauce 250G,€3.85,Any 2 for €6 Clubcard Price - Selected Tesco Finest* Pizza Pasta 250g,€15.40/kg,https://www.tesco.ie/groceries/en-IE/products/314703570,https://digitalcontent.api.tesco.com/v2/media/ghs/a7f2a3ac-cff3-4889-838d-32fc4d219605/7af063a5-c694-4ae5-af0b-e0df881194bf.jpeg?h=225&w=225
Tesco Finest Creamy Fish Pie 800G,€8.50,,€10.62/kg,https://www.tesco.ie/groceries/en-IE/products/315158752,https://digitalcontent.api.tesco.com/v2/media/ghs/ec36e503-0920-4b9f-b7fc-cca40d4b2bdb/ffa1deab-2d31-4394-8c53-ddc0aa5f4065_1086060422.jpeg?h=225&w=225
Kinsale Bay Food Co Sea Food Chowder 400G,€4.30,,€10.75/kg,https://www.tesco.ie/groceries/en-IE/products/281110060,https://digitalcontent.api.tesco.com/v2/media/ghs/04cb8d7a-4ef0-49bc-8700-fcaa615ae278/60c430e4-a43a-46a3-8beb-5a6634e64b12_1760866860.jpeg?h=225&w=225
Tesco Chinese Style Chicken Curry With Egg Fried Rice 400G,€3.95,,€9.88/kg,https://www.tesco.ie/groceries/en-IE/products/310104899,https://digitalcontent.api.tesco.com/v2/media/ghs/8bf219bc-6cab-49fc-b8a7-dbe519ffc045/465122fe-44aa-458b-8c5f-d9087ddc935e.jpeg?h=225&w=225
Purepower Chicken Tikka Masala With Power Rice 400G,€5.50,,€13.75/kg,https://www.tesco.ie/groceries/en-IE/products/312718538,https://digitalcontent.api.tesco.com/v2/media/ghs/6b228e0b-6eac-44b8-9e40-b72e9ffc2fd5/0a693e6e-3b22-4afa-8a53-11a3a2afc556_461047996.jpeg?h=225&w=225
So Thai Thai Green Chicken Curry 450G,€4.99,,€11.09/kg,https://www.tesco.ie/groceries/en-IE/products/311944219,https://digitalcontent.api.tesco.com/v2/media/ghs/ddab9cc3-5bb6-42ba-b040-d1adda938ef2/13518e15-4712-4e45-812a-e127af0ab8ff_1876369713.jpeg?h=225&w=225
Tesco Finest Caramelised Onion Bread Wreath 375g,Currently out of stock,,,https://www.tesco.ie/groceries/en-IE/products/314690600,https://digitalcontent.api.tesco.com/v2/media/ghs/d2a641d8-0563-460c-b1b6-d5812ecd1f9d/77526452-63c0-427f-8f17-c7286cf5f0ce_800076811.jpeg?h=225&w=225
Cully And Sully Vegetable Broth 500G,€3.99,,€7.98/kg,https://www.tesco.ie/groceries/en-IE/products/298371553,https://digitalcontent.api.tesco.com/v2/media/ghs/298a6cdc-b9d8-4470-b5c3-667e190e2f87/snapshotimagehandler_764018789.jpeg?h=225&w=225
Tesco Finest Parmesan & Mascarpone Sauce 250g,€3.85,Any 2 for €6 Clubcard Price - Selected Tesco Finest* Pizza Pasta 250g,€15.40/kg,https://www.tesco.ie/groceries/en-IE/products/314695157,https://digitalcontent.api.tesco.com/v2/media/ghs/fa60d351-e7e0-48ed-b661-e52946a0a6e8/792b2b30-8a7a-47e3-beca-e06f6622da14.jpeg?h=225&w=225
Tesco Beef Lasagne 400G,€3.95,,€9.88/kg,https://www.tesco.ie/groceries/en-IE/products/310130809,https://digitalcontent.api.tesco.com/v2/media/ghs/3b24832f-df91-47b2-b84e-3793788b771c/2a3bf703-9042-4a67-bd84-8c6c68b4f7e8.jpeg?h=225&w=225
Tesco Finest Irish Rooster P/Wdges Plnta Crumb 400G,€3.50,,€8.75/kg,https://www.tesco.ie/groceries/en-IE/products/314844575,https://digitalcontent.api.tesco.com/v2/media/ghs-mktg/b0b04216-fa73-466d-a9d7-c9fcfa1ce9b3/no-image.jpeg
Oishii Sushi Chicken Katsu Sushi 155G,€3.50,Meal Deal for €4.49 - Buy Any 1 Pasta Or Wrap Or Sandwich Or Salad Or Sushi & 1 Crisp Or Fruit & 1 Drink,€22.58/kg,https://www.tesco.ie/groceries/en-IE/products/313743347,https://digitalcontent.api.tesco.com/v2/media/ghs/6c6dc4b9-8c02-49b7-90ce-32bf049110bb/56ea8520-cdc9-4b6b-8378-4c1a4996068b_605449622.jpeg?h=225&w=225
Mccolgans Minced Beef And Onion Pie 190G,€1.99,,€10.47/kg,https://www.tesco.ie/groceries/en-IE/products/290113050,https://digitalcontent.api.tesco.com/v2/media/ghs/a659ee2d-86cb-42bb-9604-e2a7cc06730f/4d905024-89a1-4f34-8d5c-173ecf361fe6_1336811934.jpeg?h=225&w=225
Tesco Triple Sandwich 186G,€3.75,Meal Deal for €4.49 - Buy Any 1 Pasta Or Wrap Or Sandwich Or Salad Or Sushi & 1 Crisp Or Fruit & 1 Drink,€20.16/kg,https://www.tesco.ie/groceries/en-IE/products/288176074,https://digitalcontent.api.tesco.com/v2/media/ghs/16c11ef6-fb55-4f19-b918-facd1869534e/8f187ca6-811e-48d5-9243-f6e390d2ea78_607845831.jpeg?h=225&w=225
Tesco Fajita Style Chicken Wrap 186G,€3.75,Meal Deal for €4.49 - Buy Any 1 Pasta Or Wrap Or Sandwich Or Salad Or Sushi & 1 Crisp Or Fruit & 1 Drink,€20.16/kg,https://www.tesco.ie/groceries/en-IE/products/310683978,https://digitalcontent.api.tesco.com/v2/media/ghs/6b839976-de8e-4896-aebf-f1f5f1d40ee9/64e89ac0-1e09-41b8-bd73-ecbfdb7aa9d1_243393255.jpeg?h=225&w=225
Tesco Chicken & Black Bean With Egg Fried Rice 400G,€3.95,,€9.88/kg,https://www.tesco.ie/groceries/en-IE/products/310681796,https://digitalcontent.api.tesco.com/v2/media/ghs/aae961ff-c90e-4f18-b375-53837835e00c/dcd5f1e5-abcb-468d-8cfd-544540dff767.jpeg?h=225&w=225
The Crafty Chef Salt And Pepper Carrot And Parsnips 360G,€3.00,Any 2 for €5 Clubcard Price - Selected The Crafty Chef Ready To Cook Meat,€8.33/kg,https://www.tesco.ie/groceries/en-IE/products/314590275,https://digitalcontent.api.tesco.com/v2/media/ghs/c19c4cd2-b843-4da5-91ce-10d5f266f600/45aee5eb-551f-4b66-9ab4-602388451ea8_1558413790.jpeg?h=225&w=225
Oishii Sushi Spicy Crabstick Sushi 155G,€3.50,Meal Deal for €4.49 - Buy Any 1 Pasta Or Wrap Or Sandwich Or Salad Or Sushi & 1 Crisp Or Fruit & 1 Drink,€22.58/kg,https://www.tesco.ie/groceries/en-IE/products/313734937,https://digitalcontent.api.tesco.com/v2/media/ghs/0490eae4-9e05-48a2-b80e-48706bb339f7/b8e65119-47b5-4d36-b363-27c8b4f3db0b_1379592379.jpeg?h=225&w=225
Oishii Sushi Tokyo Vegetarian Taster 155G,€3.50,Meal Deal for €4.49 - Buy Any 1 Pasta Or Wrap Or Sandwich Or Salad Or Sushi & 1 Crisp Or Fruit & 1 Drink,€22.58/kg,https://www.tesco.ie/groceries/en-IE/products/311423329,https://digitalcontent.api.tesco.com/v2/media/ghs/f2a52b6a-b255-4a48-aaec-94ace0e2d413/6d37201e-eacd-44d3-b75a-0844eb749ffb_678459148.jpeg?h=225&w=225
Europizza Tomato Pizza Base 2 X 210G,€4.99,,€11.88/kg,https://www.tesco.ie/groceries/en-IE/products/310178407,https://digitalcontent.api.tesco.com/v2/media/ghs/1dd20980-204f-4f1d-875f-4f8ea9778893/7a81ca3a-59af-4609-b5fc-4a925f237155_1690498627.jpeg?h=225&w=225
So Thai Thai Vegetable Coconut Curry And Rice 450G,€4.99,,€11.09/kg,https://www.tesco.ie/groceries/en-IE/products/311442787,https://digitalcontent.api.tesco.com/v2/media/ghs/e13e5a10-3f64-4624-9d38-670374600a62/d6a3f5c7-7e71-44b0-832d-b774cdd53965_2078934025.jpeg?h=225&w=225
Donnelly Fresh Creamy Chicken And Bacon Pasta Pot 300G,€2.99,€2.50 Clubcard Price,€9.97/kg,https://www.tesco.ie/groceries/en-IE/products/315339538,https://digitalcontent.api.tesco.com/v2/media/ghs/f309ae66-4340-4ce9-88c8-1b4e52eb787e/f8436420-980b-4377-9768-78876fb27fbd_1811038291.jpeg?h=225&w=225
Fit Meals Singapore Chicken Curry And Rice 450G,€5.50,,€12.22/kg,https://www.tesco.ie/groceries/en-IE/products/311948327,https://digitalcontent.api.tesco.com/v2/media/ghs/a444f553-1195-42d1-9330-124bbd73fc78/55b351ff-b456-4512-9c73-4795fecf1fea_1994154374.jpeg?h=225&w=225
Temporin Tortellini With Prosciutto Crudo 250G,€3.99,,€15.96/kg,https://www.tesco.ie/groceries/en-IE/products/310168638,https://digitalcontent.api.tesco.com/v2/media/ghs/94e1680e-a92e-45cc-a280-894aa498e53a/cee7c987-787f-4d49-985f-a5eb1f5a1c94_1821355469.jpeg?h=225&w=225
Tesco Ham And Cheese 142G,€3.50,Meal Deal for €4.49 - Buy Any 1 Pasta Or Wrap Or Sandwich Or Salad Or Sushi & 1 Crisp Or Fruit & 1 Drink,€24.65/kg,https://www.tesco.ie/groceries/en-IE/products/288175714,https://digitalcontent.api.tesco.com/v2/media/ghs/3ce1f838-6838-48cb-ab06-0f8d6ec4075a/snapshotimagehandler_1221524571.jpeg?h=225&w=225
Tesco Finest 'Nduja & Mascarpone Wood Fired Pizza 233g,€3.50,,€15.02/kg,https://www.tesco.ie/groceries/en-IE/products/315562532,https://digitalcontent.api.tesco.com/v2/media/ghs/b69dd653-5192-4893-9f72-d5340f59ab0b/c30a1a0c-a517-4397-ae12-62961ab34e0f_592237864.jpeg?h=225&w=225
Fitmeals Bologna Beef Ragu Wholemeal Pasta 450G,€5.50,,€12.22/kg,https://www.tesco.ie/groceries/en-IE/products/311798196,https://digitalcontent.api.tesco.com/v2/media/ghs/b56182d7-00dc-4853-a2be-efd069fe43b0/ffc58b02-567a-48d3-ad07-ca82822c8e7f_2042318782.jpeg?h=225&w=225
Temporin Tortelloni With Ricotta And Spinach 250G,€3.99,,€15.96/kg,https://www.tesco.ie/groceries/en-IE/products/310116136,https://digitalcontent.api.tesco.com/v2/media/ghs/d84db50e-78ef-43f8-bcb5-de8a1c1576ee/e44777a1-e242-4d03-ba41-7b881dbfbae6_1194701373.jpeg?h=225&w=225
Tesco Triple Double Egg & Cheese Sandwich 221G,€3.75,Meal Deal for €4.49 - Buy Any 1 Pasta Or Wrap Or Sandwich Or Salad Or Sushi & 1 Crisp Or Fruit & 1 Drink,€16.97/kg,https://www.tesco.ie/groceries/en-IE/products/308852319,https://digitalcontent.api.tesco.com/v2/media/ghs/c46539a9-c8fc-47d4-85df-7f658c6a1ece/528b6ed7-70f3-4e59-b4d8-743d1531ef8e_1637066150.jpeg?h=225&w=225
Carroll Cuisine Lasagne 350G Twin Pack,€6.99,,€9.99/kg,https://www.tesco.ie/groceries/en-IE/products/262921563,https://digitalcontent.api.tesco.com/v2/media/ghs/8fd59573-be78-4d1c-a258-4c1a8b29f0dd/snapshotimagehandler_232508257.jpeg?h=225&w=225
Rustlers Meatless Maverik Classic Burger 196G,€3.50,€2.25 Clubcard Price,€17.86/kg,https://www.tesco.ie/groceries/en-IE/products/310668830,https://digitalcontent.api.tesco.com/v2/media/ghs/d4308cd2-e5fb-44e9-b713-2f01332e2e35/2e963295-6822-4fef-aff0-fbf3ebe90907.jpeg?h=225&w=225
Thanks Plants Chipotle Salsa Sausages 300G,€3.85,,€12.83/kg,https://www.tesco.ie/groceries/en-IE/products/312721171,https://digitalcontent.api.tesco.com/v2/media/ghs/c4e21ddf-489d-46ae-a7c2-d300c6eb21f3/dcd8f50c-5a5f-4054-aa2d-1e0656941432_2097205025.jpeg?h=225&w=225
Sage Butter Milk Ranch 220G Price Marked,€3.99,,€18.14/kg,https://www.tesco.ie/groceries/en-IE/products/312717188,https://digitalcontent.api.tesco.com/v2/media/ghs-mktg/b0b04216-fa73-466d-a9d7-c9fcfa1ce9b3/no-image.jpeg
Tesco Moroccan Inspired Salad And Houmous 250G,€3.69,Meal Deal for €4.49 - Buy Any 1 Pasta Or Wrap Or Sandwich Or Salad Or Sushi & 1 Crisp Or Fruit & 1 Drink,€14.76/kg,https://www.tesco.ie/groceries/en-IE/products/305952155,https://digitalcontent.api.tesco.com/v2/media/ghs/20375222-bd41-4dfd-b273-2a48f5252f42/c08ef348-48d2-4522-9ecb-cd4c22d58b97_1168141796.jpeg?h=225&w=225
Tesco Chicken & Bacon Pasta Bake 750G,€5.00,,€6.67/kg,https://www.tesco.ie/groceries/en-IE/products/310118785,https://digitalcontent.api.tesco.com/v2/media/ghs/05618803-a8be-4aff-8227-8331ee7a0220/eb18acc9-d23f-4153-903b-83de65e70618.jpeg?h=225&w=225
Carroll's Penchick Arrabiata 400G,€4.69,,€11.72/kg,https://www.tesco.ie/groceries/en-IE/products/289037203,https://digitalcontent.api.tesco.com/v2/media/ghs/c3f3c24a-62c9-4f03-8e36-5664cab31455/5b53f92e-eb64-4287-a476-e07af0e3a7f2_950946353.jpeg?h=225&w=225
Europizza Focaccia Rustica 2 Pieces 400G,€5.99,,€14.98/kg,https://www.tesco.ie/groceries/en-IE/products/310189792,https://digitalcontent.api.tesco.com/v2/media/ghs/20833e7f-7346-490b-a508-dbb8b5fd06a8/a2d1ac5c-8f56-4cf0-8802-63192f857dac_2126827400.jpeg?h=225&w=225
Tesco Finest 8 Mini Lamb Bhajis 240g,Currently out of stock,,,https://www.tesco.ie/groceries/en-IE/products/314694262,https://digitalcontent.api.tesco.com/v2/media/ghs/30fc9040-8515-4bb7-9b84-e3a0e42f365e/1d4c6c76-7c17-4008-bc1c-cc781c13d797.jpeg?h=225&w=225
Kinsale Bay Food Co Vegetabble Soup 400G,€2.85,,€7.12/kg,https://www.tesco.ie/groceries/en-IE/products/284215997,https://digitalcontent.api.tesco.com/v2/media/ghs/cfccf2ec-ebde-4abc-9cfc-69221b6f64a6/5462593a-d67a-462f-af10-30cd258c4b09_1851832349.jpeg?h=225&w=225
"Tesco Plant Chef Falafel, Houmous Wrap 182G",€3.75,Meal Deal for €4.49 - Buy Any 1 Pasta Or Wrap Or Sandwich Or Salad Or Sushi & 1 Crisp Or Fruit & 1 Drink,€20.60/kg,https://www.tesco.ie/groceries/en-IE/products/310129144,https://digitalcontent.api.tesco.com/v2/media/ghs/e7e2b4a4-e530-468d-be1c-f4f70c5787d7/d97efc8b-09f3-4d36-95c7-5e30544a17c9_815549480.jpeg?h=225&w=225
Tesco Bbq Chicken With Jasmine Rice 400G,€3.95,,€9.88/kg,https://www.tesco.ie/groceries/en-IE/products/310677773,https://digitalcontent.api.tesco.com/v2/media/ghs/ad22c670-e496-49e7-beb1-1c8c1367cc2c/e10492f1-e7ac-497c-9fe2-b10d6b4ca936.jpeg?h=225&w=225
Tesco Finest Truffle & Pecorino Mayonnaise Dip 100G,€3.85,,€38.50/kg,https://www.tesco.ie/groceries/en-IE/products/314691069,https://digitalcontent.api.tesco.com/v2/media/ghs/a7a78f7f-dd63-4d02-bbc2-84ac8e339bd0/3c7505de-5b55-4885-b7b7-7e69434092c2.jpeg?h=225&w=225
Fit Meals Thai Red Chicken Curry And Rice 450G,€5.50,,€12.22/kg,https://www.tesco.ie/groceries/en-IE/products/311957377,https://digitalcontent.api.tesco.com/v2/media/ghs/89297185-cc90-4599-8cea-b50526b03907/061221c8-1251-4026-9717-0ba17b567ac4_1701264751.jpeg?h=225&w=225
Tesco Southern Fried Chicken Sandwich 193G,€3.50,Meal Deal for €4.49 - Buy Any 1 Pasta Or Wrap Or Sandwich Or Salad Or Sushi & 1 Crisp Or Fruit & 1 Drink,€3.50/each,https://www.tesco.ie/groceries/en-IE/products/259885655,https://digitalcontent.api.tesco.com/v2/media/ghs-mktg/b0b04216-fa73-466d-a9d7-c9fcfa1ce9b3/no-image.jpeg
Peperami Chorizo Stick 20G,€1.15,Meal Deal for €4.49 - Buy Any 1 Pasta Or Wrap Or Sandwich Or Salad Or Sushi & 1 Crisp Or Fruit & 1 Drink,€57.50/kg,https://www.tesco.ie/groceries/en-IE/products/311785657,https://digitalcontent.api.tesco.com/v2/media/ghs/6a273219-52ee-4894-b14d-dd6e8da158b4/0c930ddc-60af-4802-b2dc-9b7e22f4fafd_304700534.jpeg?h=225&w=225
So Thai Chicken Pad Thai And Noodles 400G,€4.99,,€12.48/kg,https://www.tesco.ie/groceries/en-IE/products/311265084,https://digitalcontent.api.tesco.com/v2/media/ghs/c161d583-c87e-42d9-83ec-5bcf00b06df5/1aa5ed0e-4dae-4268-967f-64152fc820c4_1916687417.jpeg?h=225&w=225
Tesco Finest Roast Garlic & Irish Butter Bread 288g,€3.50,,€12.15/kg,https://www.tesco.ie/groceries/en-IE/products/315369796,https://digitalcontent.api.tesco.com/v2/media/ghs/f20d428f-288a-48cd-9cb3-672f8f92b20d/6754a227-c562-47ea-a909-9fe36f59dea4_1708166353.jpeg?h=225&w=225
Sage Roasted Garlic Aioli 200G,€3.99,,€19.95/kg,https://www.tesco.ie/groceries/en-IE/products/312091917,https://digitalcontent.api.tesco.com/v2/media/ghs-mktg/b0b04216-fa73-466d-a9d7-c9fcfa1ce9b3/no-image.jpeg
Tesco 12 Mini Chicken Kievs 360G,Currently out of stock,,,https://www.tesco.ie/groceries/en-IE/products/311942890,https://digitalcontent.api.tesco.com/v2/media/ghs/9e9cf9c6-1ed2-44e5-9736-c82b83213474/2dd308f2-0278-4419-88b3-335de2f868c4.jpeg?h=225&w=225
Kinsale Bay Food Co Tomato Basil Soup 400G,€2.85,,€7.12/kg,https://www.tesco.ie/groceries/en-IE/products/284216057,https://digitalcontent.api.tesco.com/v2/media/ghs/d699942d-c7d8-4282-bd64-4aac13194f13/1753c72c-a185-4f3d-93be-efb9bbf1172e_85714020.jpeg?h=225&w=225
Tesco 25 Boneless Chicken Selection 560G,€5.50,,€9.82/kg,https://www.tesco.ie/groceries/en-IE/products/305528480,https://digitalcontent.api.tesco.com/v2/media/ghs/ce3528a4-9a45-40ac-8e6d-93eb64b27d28/dd87ec81-250b-48e1-93ce-dae1c8ef8d59.jpeg?h=225&w=225
Kinsale Bay Food Co Mushroom Soup 400G,€2.85,,€7.12/kg,https://www.tesco.ie/groceries/en-IE/products/284216132,https://digitalcontent.api.tesco.com/v2/media/ghs/ad41e47f-f7b3-4b25-8d19-a21154c37ee9/e9f353c3-2e0a-4f72-925c-a243bb7909c9_537385341.jpeg?h=225&w=225
Bol Indian Black Daal One Pot Meal 450G,€3.95,€2.95 Clubcard Price,€8.78/kg,https://www.tesco.ie/groceries/en-IE/products/313860614,https://digitalcontent.api.tesco.com/v2/media/ghs/4f54dd72-3ad0-4612-b29c-18bf7af9e78c/e17576dc-1b06-4c11-8575-b9e7e553653c.jpeg?h=225&w=225
Tesco Mixed Veggie Biryani Bites 220g,Currently out of stock,,,https://www.tesco.ie/groceries/en-IE/products/314112727,https://digitalcontent.api.tesco.com/v2/media/ghs/51428df6-8724-4398-8383-52cab221b6e5/7ef6f4a9-7a19-4aab-995c-919cf87cd21a.jpeg?h=225&w=225
Philadelphia Light Low Fat Soft Cream Cheese Snacks 42G,€1.00,Meal Deal for €4.49 - Buy Any 1 Pasta Or Wrap Or Sandwich Or Salad Or Sushi & 1 Crisp Or Fruit & 1 Drink,€23.81/kg,https://www.tesco.ie/groceries/en-IE/products/309160573,https://digitalcontent.api.tesco.com/v2/media/ghs/84a99c60-73ab-4e12-86de-c476c9686462/059b22fa-5816-4ed1-a847-249877119991_837647074.jpeg?h=225&w=225
Peperami Original Salami 22.5G,€1.15,Meal Deal for €4.49 - Buy Any 1 Pasta Or Wrap Or Sandwich Or Salad Or Sushi & 1 Crisp Or Fruit & 1 Drink,€51.11/kg,https://www.tesco.ie/groceries/en-IE/products/296526940,https://digitalcontent.api.tesco.com/v2/media/ghs/7cee65aa-e6aa-451f-b948-ff4671cc0c55/f154e930-06e1-4f67-abda-4dbec50d7098_830617632.jpeg?h=225&w=225
Absolute N/Ionis Jos Prtn Balls 2 Pack 50G,€2.95,,€59.00/kg,https://www.tesco.ie/groceries/en-IE/products/305137723,https://digitalcontent.api.tesco.com/v2/media/ghs/7c1e5039-99f0-4b76-8ca6-1fbbbb54ec9b/snapshotimagehandler_1505552570.jpeg?h=225&w=225
Dairylea Dunkers 41G,€1.00,Meal Deal for €4.49 - Buy Any 1 Pasta Or Wrap Or Sandwich Or Salad Or Sushi & 1 Crisp Or Fruit & 1 Drink,€24.39/kg,https://www.tesco.ie/groceries/en-IE/products/309749505,https://digitalcontent.api.tesco.com/v2/media/ghs/308b0223-a64a-4419-a538-996a8ea6aafe/eb43e17f-56c7-4791-8e84-603894612132_1355484238.jpeg?h=225&w=225
Deli Lites Salt 'N' Chilli Chicken Goujon Wrap 236G,€4.00,,€16.95/kg,https://www.tesco.ie/groceries/en-IE/products/306824542,https://digitalcontent.api.tesco.com/v2/media/ghs/c56cfc2c-7952-4363-97c1-5a523c07e9f4/37741d45-dbdc-4361-be25-89073a2253c5_1478875731.jpeg?h=225&w=225
Tesco Finest Basil Pesto & Mozzarella Bread 280g,€3.50,,€12.50/kg,https://www.tesco.ie/groceries/en-IE/products/315573162,https://digitalcontent.api.tesco.com/v2/media/ghs/e2e22cbb-63a9-4e61-bc50-42e947807440/8fbb7889-926f-4ad2-8f74-31ad515fdf7a_1692275471.jpeg?h=225&w=225
Donnelly Fresh Caesa And Bacon Pasta Pot 300G,€2.99,€2.50 Clubcard Price,€9.97/kg,https://www.tesco.ie/groceries/en-IE/products/315450359,https://digitalcontent.api.tesco.com/v2/media/ghs/9e677f11-51f5-43af-9391-5323437742d8/246bfded-b9a1-4824-a39e-0cb5eba71888_1630627662.jpeg?h=225&w=225
T.Plnt/Chf Onin Bhaji And Bombay Aloo Wrap 211G,€3.75,Meal Deal for €4.49 - Buy Any 1 Pasta Or Wrap Or Sandwich Or Salad Or Sushi & 1 Crisp Or Fruit & 1 Drink,€17.77/kg,https://www.tesco.ie/groceries/en-IE/products/310160186,https://digitalcontent.api.tesco.com/v2/media/ghs/1ed33fb9-d716-471f-97ab-1d7ce642d32b/f7c52eba-8874-4d38-88b8-d69a5af6e8a0_1270647375.jpeg?h=225&w=225
Tesco Finest 8 Chicken Tikka Samosas 230G,Currently out of stock,,,https://www.tesco.ie/groceries/en-IE/products/306950870,https://digitalcontent.api.tesco.com/v2/media/ghs/09f59267-f8c3-45cb-9bed-a58e5c199a55/7c973725-1732-480a-bfda-e94f147bafda.jpeg?h=225&w=225
Tesco Vegetable Lasagne 400G,€3.95,,€9.88/kg,https://www.tesco.ie/groceries/en-IE/products/310665326,https://digitalcontent.api.tesco.com/v2/media/ghs/b1a21c23-78eb-4cbb-bc32-d2374e6b83cd/4891e27f-59d0-4112-965b-05ade4551e58.jpeg?h=225&w=225
Delilites Bbq Chicken Goujon And Bacon Wrap 235G,€4.00,,€17.02/kg,https://www.tesco.ie/groceries/en-IE/products/310166911,https://digitalcontent.api.tesco.com/v2/media/ghs/ebb268cd-ae42-4339-9d8a-80dbb7b5cb79/056374a2-ed9d-4f68-8e80-6ec9a0e115b8_1573589924.jpeg?h=225&w=225
Peperami Red Hot Stick 22.5G,€1.15,Meal Deal for €4.49 - Buy Any 1 Pasta Or Wrap Or Sandwich Or Salad Or Sushi & 1 Crisp Or Fruit & 1 Drink,€51.11/kg,https://www.tesco.ie/groceries/en-IE/products/296747717,https://digitalcontent.api.tesco.com/v2/media/ghs/0f321f11-a9b9-451a-8884-ae2cc7b3c786/dd747219-e830-44fb-9f99-411013c93638_259110171.jpeg?h=225&w=225
So Thai Thai Red Chicken Curry And Rice 450G,€4.99,,€11.09/kg,https://www.tesco.ie/groceries/en-IE/products/311665814,https://digitalcontent.api.tesco.com/v2/media/ghs/9ef95db5-3ab1-408a-9b7d-6e044e599136/c2457a65-695d-4fae-8206-48c566cc6a9e_841525778.jpeg?h=225&w=225
Absolute N/Ionis Jo's Peanut Butter Bombs 2Pack 50G,€2.95,,€59.00/kg,https://www.tesco.ie/groceries/en-IE/products/305137815,https://digitalcontent.api.tesco.com/v2/media/ghs/ae1f06e2-3242-4a5b-baad-a121c0146164/snapshotimagehandler_324423735.jpeg?h=225&w=225
Sage Tomato Salsa 220G,€3.99,,€18.14/kg,https://www.tesco.ie/groceries/en-IE/products/312360977,https://digitalcontent.api.tesco.com/v2/media/ghs-mktg/b0b04216-fa73-466d-a9d7-c9fcfa1ce9b3/no-image.jpeg
Delilites Clsc Chicken Caesar Wrap 229G,€4.00,,€17.47/kg,https://www.tesco.ie/groceries/en-IE/products/304214789,https://digitalcontent.api.tesco.com/v2/media/ghs/a3680bca-5647-47fc-b2e9-609e156889a1/0fc72918-6714-499a-b8fc-72b03f2518f3_154216851.jpeg?h=225&w=225
Tesco Double White Cheddar And Relish Sandwich 190G,€3.50,Meal Deal for €4.49 - Buy Any 1 Pasta Or Wrap Or Sandwich Or Salad Or Sushi & 1 Crisp Or Fruit & 1 Drink,€18.42/kg,https://www.tesco.ie/groceries/en-IE/products/310109957,https://digitalcontent.api.tesco.com/v2/media/ghs/8578c9c1-b3e5-4e65-89b3-cad11928c767/d212a97f-fd78-4a3d-ac09-410f9254730a_678892619.jpeg?h=225&w=225
