Title,Price,Promotional Price,Price Per,Product URL,Image URL
Mash Direct Mashed Potato 400G,€2.40,Any 3 for €6 Clubcard Price - Selected Mash Direct Ready Meals 280g-400g,€6.00/kg,https://www.tesco.ie/groceries/en-IE/products/260715563,https://digitalcontent.api.tesco.com/v2/media/ghs/2d725c02-4541-47bf-b675-67a28c262397/46d295fd-d40b-46cf-8375-6dc4341c2910.jpeg?h=225&w=225
Mash Direct Carrot & Parsnip Mash 400G,€2.40,Any 3 for €6 Clubcard Price - Selected Mash Direct Ready Meals 280g-400g,€6.00/kg,https://www.tesco.ie/groceries/en-IE/products/260178456,https://digitalcontent.api.tesco.com/v2/media/ghs/535fc84a-26c5-4e88-8319-6471e78b2e91/ce6e491b-f0ef-42ef-aedf-7b21316b90a1.jpeg?h=225&w=225
Fit Foods Wholemeal Pasta Minced Beef And Vegetable Sauce 400G,€4.50,Any 2 for €8.50 Clubcard Price - Selected Fit Foods Ready Meals 400g,€11.25/kg,https://www.tesco.ie/groceries/en-IE/products/313605117,https://digitalcontent.api.tesco.com/v2/media/ghs/b2cdcc09-d9c4-4398-bc6d-9b8cfd2b08c4/3423080b-5aa3-4f9e-9179-c99244ce1e7f_1357257636.jpeg?h=225&w=225
Meals Made Easy Chicken And Broccoli Potato Bake 1Kg,€7.00,Any 2 for €12.50 Clubcard Price - Selected Tesco Meals Made Easy Products 1kg,€7.00/kg,https://www.tesco.ie/groceries/en-IE/products/312587467,https://digitalcontent.api.tesco.com/v2/media/ghs/015bcfb0-2b5b-49e2-8d0b-0e3f1152ef18/f8ba4c11-9596-4698-a24b-7e83d8d42f0d_691955318.jpeg?h=225&w=225
Carroll Cuisine Fresh Lasagne 350G,€3.99,€3.00 Clubcard Price,€11.40/kg,https://www.tesco.ie/groceries/en-IE/products/261507439,https://digitalcontent.api.tesco.com/v2/media/ghs/55881194-4b57-446c-a58e-b9b1454d9280/snapshotimagehandler_1488948870.jpeg?h=225&w=225
Fit Foods Chicken Chicken Korma With Brown Rice 400G,€4.50,Any 2 for €8.50 Clubcard Price - Selected Fit Foods Ready Meals 400g,€11.25/kg,https://www.tesco.ie/groceries/en-IE/products/313737531,https://digitalcontent.api.tesco.com/v2/media/ghs/8906bc9f-eb3f-4fd1-9f64-0c1d494a16e8/9344d2c7-87c3-4f81-b840-5e4bf9393e78_664705914.jpeg?h=225&w=225
Carroll Cuisine Fresh Lasagne 1Kg,€7.69,,€7.69/kg,https://www.tesco.ie/groceries/en-IE/products/261858386,https://digitalcontent.api.tesco.com/v2/media/ghs/9ebaca7b-5f99-456d-992c-373ea21dcae4/snapshotimagehandler_1799225962.jpeg?h=225&w=225
Mash Direct Mashed Turnip 400G,€2.40,Any 3 for €6 Clubcard Price - Selected Mash Direct Ready Meals 280g-400g,€6.00/kg,https://www.tesco.ie/groceries/en-IE/products/260178443,https://digitalcontent.api.tesco.com/v2/media/ghs/ef227d00-3b41-4143-a6aa-9d5a7a0e2cdf/ed331a06-6b68-4061-9535-b8cf0c60bb1a.jpeg?h=225&w=225
Fit Foods Chicken And Chorizo With Baby Potatoes 400G,€4.50,Any 2 for €8.50 Clubcard Price - Selected Fit Foods Ready Meals 400g,€11.25/kg,https://www.tesco.ie/groceries/en-IE/products/313502982,https://digitalcontent.api.tesco.com/v2/media/ghs/75b2d2b7-01ef-480c-8394-7f71fcc1afa9/dc0e7409-c60f-484a-956f-7211fea35ee8_949767010.jpeg?h=225&w=225
Mash Direct Potato Croquette 300G,€2.70,,€9.00/kg,https://www.tesco.ie/groceries/en-IE/products/279322554,https://digitalcontent.api.tesco.com/v2/media/ghs/45ed1bc2-d247-46f9-8345-8e15ec7db2eb/b6ce10b6-6b77-4074-85ec-89098acb7153.jpeg?h=225&w=225
Fit Foods Swt/Ch Chicken And Whole Wheat Noodles 400G,€4.50,Any 2 for €8.50 Clubcard Price - Selected Fit Foods Ready Meals 400g,€11.25/kg,https://www.tesco.ie/groceries/en-IE/products/313749767,https://digitalcontent.api.tesco.com/v2/media/ghs/ecad3eae-f73e-423c-80bf-0f9ccf58a6ef/4ebb9a1b-be4b-4c00-9c49-67b352b09e6b_1249690359.jpeg?h=225&w=225
Tesco Irish Classics Bacon And Cabbage Dinner500g,€4.25,,€8.50/kg,https://www.tesco.ie/groceries/en-IE/products/291148305,https://digitalcontent.api.tesco.com/v2/media/ghs/0ed76de9-8df3-406f-8371-ced77e2b5e66/snapshotimagehandler_836386175.jpeg?h=225&w=225
Tesco Irish Classics Beef Dinner 500G,€4.25,,€8.50/kg,https://www.tesco.ie/groceries/en-IE/products/288835464,https://digitalcontent.api.tesco.com/v2/media/ghs/a4c88e8d-a1a0-48f0-acb6-2c11f39e7591/snapshotimagehandler_1831292417.jpeg?h=225&w=225
Walsh Family Foods Spiceburger 185G,€1.99,,€10.76/kg,https://www.tesco.ie/groceries/en-IE/products/256086782,https://digitalcontent.api.tesco.com/v2/media/ghs/fcd67b22-be35-4fe0-ace3-56caa2a30564/snapshotimagehandler_1993817029.jpeg?h=225&w=225
Mash Direct Green Cabbage 280G,€2.32,Any 3 for €6 Clubcard Price - Selected Mash Direct Ready Meals 280g-400g,€8.29/kg,https://www.tesco.ie/groceries/en-IE/products/263331390,https://digitalcontent.api.tesco.com/v2/media/ghs/f97f5e53-5203-4eca-83c6-b0b2da55903c/4ecb5f1c-4f77-4b78-84c4-5e1a04692c5c.jpeg?h=225&w=225
Tesco Mashed Carrot And Parsnip 400G,€2.30,,€5.75/kg,https://www.tesco.ie/groceries/en-IE/products/311679556,https://digitalcontent.api.tesco.com/v2/media/ghs/a061a58d-8c69-475a-8eb4-d822d940d91c/5b94183d-ddd5-4721-938b-40462127bd47_658180130.jpeg?h=225&w=225
Tesco Irish Classics Cottage Pie/Veg 500G,€4.25,,€8.50/kg,https://www.tesco.ie/groceries/en-IE/products/288835429,https://digitalcontent.api.tesco.com/v2/media/ghs/2e929dfe-def1-48a2-a9c2-08538c3e2ea5/snapshotimagehandler_851648261.jpeg?h=225&w=225
Tesco Chicken Tikka Masala And Pilau Rice 400G,€3.95,,€9.88/kg,https://www.tesco.ie/groceries/en-IE/products/313957685,https://digitalcontent.api.tesco.com/v2/media/ghs/5e009c0b-f97b-49b9-871f-003f88ea0ca2/c88a43b5-f779-4b2f-8ded-7509bbd37aab_985654530.jpeg?h=225&w=225
Tesco Butter Chicken With Pilau Rice 400G,€3.95,,€9.88/kg,https://www.tesco.ie/groceries/en-IE/products/313388655,https://digitalcontent.api.tesco.com/v2/media/ghs/5635af4f-8fdc-42b0-af77-eccd628b3c86/cec6a72a-73b1-4693-9892-177a3587d225_899241308.jpeg?h=225&w=225
Cully And Sully Superior Fish Pie 400G,€4.99,,€12.48/kg,https://www.tesco.ie/groceries/en-IE/products/268990672,https://digitalcontent.api.tesco.com/v2/media/ghs/f6c3f162-e488-4689-b644-79957d5748cd/450becc2-c4e7-4efc-9aa9-f9615e2c46f3_753925840.jpeg?h=225&w=225
Cully And Sully Cottage Pie 400G,€4.99,,€12.48/kg,https://www.tesco.ie/groceries/en-IE/products/268991423,https://digitalcontent.api.tesco.com/v2/media/ghs/a19276e9-9101-4eb4-88c4-230ffc485fb2/27d534d4-6bdf-43a0-9cac-1474de04c4f8_1098877086.jpeg?h=225&w=225
Tesco Finest Cream Of Irish Chicken Soup 400G,€2.00,,€5.00/kg,https://www.tesco.ie/groceries/en-IE/products/315165616,https://digitalcontent.api.tesco.com/v2/media/ghs/67fb4b18-e208-40be-8c59-d970305933db/c010f1a0-2e63-4508-89b9-8f2dd74bb963_1047154150.jpeg?h=225&w=225
Tesco Chicken Korma With Pilau Rice 400G,€3.95,,€9.88/kg,https://www.tesco.ie/groceries/en-IE/products/313967978,https://digitalcontent.api.tesco.com/v2/media/ghs/82acfdfd-e63a-4ba1-849b-f7ed91b96cc8/d44baeb4-f76e-4b39-b60f-b2b07539fed0_664053998.jpeg?h=225&w=225
Kinsale Bay Food Co Kinsale Fish Pie 400G,€5.85,,€14.62/kg,https://www.tesco.ie/groceries/en-IE/products/268643076,https://digitalcontent.api.tesco.com/v2/media/ghs/93f13876-510d-436b-be8c-7d0c4e4fe626/34827a3c-5193-4a17-a097-e921dcac6f5b_783741729.jpeg?h=225&w=225
Cully And Sully Shepherds Pie 400G,€4.99,,€12.48/kg,https://www.tesco.ie/groceries/en-IE/products/268991164,https://digitalcontent.api.tesco.com/v2/media/ghs/08286786-3fce-4386-8c2e-80c2706d3ead/cfc2710e-febd-4ec4-a344-c4091bdd250e_1076084192.jpeg?h=225&w=225
"Carroll""S Vegetarian Lasaagne 400G",€4.69,€3.69 Clubcard Price,€11.72/kg,https://www.tesco.ie/groceries/en-IE/products/304778150,https://digitalcontent.api.tesco.com/v2/media/ghs/92ca95dd-d432-42ed-a104-8f42f8df6da9/snapshotimagehandler_1128121148.jpeg?h=225&w=225
Tesco Chicken Chow Mein 400G,€3.95,,€9.88/kg,https://www.tesco.ie/groceries/en-IE/products/288442341,https://digitalcontent.api.tesco.com/v2/media/ghs/3ea1b226-89df-492d-acd8-d21e2369440d/b3dcd2ea-871d-40f4-9dd0-d0618d548697.jpeg?h=225&w=225
Tesco Chicken Jalfrezi With Pilau Rice 400G,€3.95,,€9.88/kg,https://www.tesco.ie/groceries/en-IE/products/313942823,https://digitalcontent.api.tesco.com/v2/media/ghs/c2154d1d-2c6a-4589-82ae-b2c6b1fef774/751d3ac5-54a6-407f-b535-7b51d2739d1a_64521829.jpeg?h=225&w=225
Tesco Irish Classics Turkey Ham Dinner500g,€4.25,,€8.50/kg,https://www.tesco.ie/groceries/en-IE/products/288835527,https://digitalcontent.api.tesco.com/v2/media/ghs/2c633790-e479-462b-8b7d-f315182e2283/snapshotimagehandler_2007062359.jpeg?h=225&w=225
Purepower Loaded Taco Fries 400G,€5.50,,€13.75/kg,https://www.tesco.ie/groceries/en-IE/products/312578766,https://digitalcontent.api.tesco.com/v2/media/ghs/2e667569-9ebc-45e9-9e42-e88992a2c020/e1240aa1-7fc9-41cf-9e86-04ca0688ace4_706272355.jpeg?h=225&w=225
Tesco 4 Vegetable Samosas 216G,€2.75,,€12.73/kg,https://www.tesco.ie/groceries/en-IE/products/305831022,https://digitalcontent.api.tesco.com/v2/media/ghs/6830937e-fac3-47e7-bc67-a453f1a9b8ed/eaac68b9-5c30-4731-8a92-ca3dc1cf741f.jpeg?h=225&w=225
Purepower Chicken Curry With Rice 400G,€5.50,,€13.75/kg,https://www.tesco.ie/groceries/en-IE/products/312699375,https://digitalcontent.api.tesco.com/v2/media/ghs/4891180e-aaa9-4abc-b28b-eb644b01247c/a023dc46-9855-4892-92cc-506526c06359_401558489.jpeg?h=225&w=225
Tesco Indian Onion Bhajis 294G,€2.75,,€9.35/kg,https://www.tesco.ie/groceries/en-IE/products/273927062,https://digitalcontent.api.tesco.com/v2/media/ghs/9fc0b9dc-10ba-4fc5-8b28-b4028036e89b/bc808a5e-02de-43ac-951e-3fbc800b9f0f.jpeg?h=225&w=225
Bol Middle Eastern Harissa Stew Pot 450G,€3.95,€2.95 Clubcard Price,€8.78/kg,https://www.tesco.ie/groceries/en-IE/products/315053501,https://digitalcontent.api.tesco.com/v2/media/ghs/c03724a1-4081-452d-9df4-ba568127656b/fa58b8cb-1e4a-44cb-80a9-21dedf23bd9b.jpeg?h=225&w=225
"Tesco Finest Chicken, Bacon And Leek Pie 800G",€8.50,,€10.62/kg,https://www.tesco.ie/groceries/en-IE/products/314943291,https://digitalcontent.api.tesco.com/v2/media/ghs/527f2691-1a21-4e2e-8574-81776594af43/fc8c653a-cfd3-4334-b374-09e82d7a5a8f_1230822894.jpeg?h=225&w=225
Tesco Finest Beef And Black Bean Savoury Egg Rice 400G,€5.50,,€13.75/kg,https://www.tesco.ie/groceries/en-IE/products/314820315,https://digitalcontent.api.tesco.com/v2/media/ghs/56e665ea-9b9c-44b5-9cef-9185f80538b4/ee5f2c37-8ec6-474d-bf29-96fa09a70d8c_1653476941.jpeg?h=225&w=225
Thanks Plants Everyday Roast 500G,€8.95,,€17.90/kg,https://www.tesco.ie/groceries/en-IE/products/311792527,https://digitalcontent.api.tesco.com/v2/media/ghs/6a24360d-0987-41be-b00c-0f572f0c4405/f9e3f5ef-c6e2-4048-9718-94944dd3f17f_1327216951.jpeg?h=225&w=225
Tesco Finest Mac And Triple Cheese 800G,€8.50,,€10.62/kg,https://www.tesco.ie/groceries/en-IE/products/315062997,https://digitalcontent.api.tesco.com/v2/media/ghs/4779eee7-bb4d-4a24-9ea3-080790e7d7db/216bb0ba-8b7c-43f8-8cda-b6c6c575f816_1845082111.jpeg?h=225&w=225
Tesco Finest Creamy Fish Pie 800G,€8.50,,€10.62/kg,https://www.tesco.ie/groceries/en-IE/products/315158752,https://digitalcontent.api.tesco.com/v2/media/ghs/ec36e503-0920-4b9f-b7fc-cca40d4b2bdb/ffa1deab-2d31-4394-8c53-ddc0aa5f4065_1086060422.jpeg?h=225&w=225
So Thai Thai Green Chicken Curry 450G,€4.99,,€11.09/kg,https://www.tesco.ie/groceries/en-IE/products/311944219,https://digitalcontent.api.tesco.com/v2/media/ghs/ddab9cc3-5bb6-42ba-b040-d1adda938ef2/13518e15-4712-4e45-812a-e127af0ab8ff_1876369713.jpeg?h=225&w=225
Fitmeals Bologna Beef Ragu Wholemeal Pasta 450G,€5.50,,€12.22/kg,https://www.tesco.ie/groceries/en-IE/products/311798196,https://digitalcontent.api.tesco.com/v2/media/ghs/b56182d7-00dc-4853-a2be-efd069fe43b0/ffc58b02-567a-48d3-ad07-ca82822c8e7f_2042318782.jpeg?h=225&w=225
Fit Meals Thai Red Chicken Curry And Rice 450G,€5.50,,€12.22/kg,https://www.tesco.ie/groceries/en-IE/products/311957377,https://digitalcontent.api.tesco.com/v2/media/ghs/89297185-cc90-4599-8cea-b50526b03907/061221c8-1251-4026-9717-0ba17b567ac4_1701264751.jpeg?h=225&w=225
So Thai Chicken Pad Thai And Noodles 400G,€4.99,,€12.48/kg,https://www.tesco.ie/groceries/en-IE/products/311265084,https://digitalcontent.api.tesco.com/v2/media/ghs/c161d583-c87e-42d9-83ec-5bcf00b06df5/1aa5ed0e-4dae-4268-967f-64152fc820c4_1916687417.jpeg?h=225&w=225
