Title,Price,Promotional Price,Price Per,Product URL,Image URL
Tesco Spinach & Ricotta Fresh Tortelloni 300g,€2.75,Any 3 for 2 Clubcard Price - Cheapest Product Free - Selected Tesco Garlic & Cheese Breads Or Fresh Pasta Or Fresh Pasta Sauces,€9.17/kg,https://www.tesco.ie/groceries/en-IE/products/299829340,https://digitalcontent.api.tesco.com/v2/media/ghs/0c06ba47-952b-488c-bec7-b0312c9e0065/4998464d-330f-453d-b1d0-c36c013a0439.jpeg?h=225&w=225
Tesco Penne Pasta 500G,€1.75,Any 3 for 2 Clubcard Price - Cheapest Product Free - Selected Tesco Garlic & Cheese Breads Or Fresh Pasta Or Fresh Pasta Sauces,€3.50/kg,https://www.tesco.ie/groceries/en-IE/products/307363250,https://digitalcontent.api.tesco.com/v2/media/ghs/c4368388-f297-455b-bea7-5b98c91546b3/217a4f4f-1579-4506-8328-d804d5fe80e4_1830622463.jpeg?h=225&w=225
Tesco Fresh Tagliatelle Nests 500G,€1.75,Any 3 for 2 Clubcard Price - Cheapest Product Free - Selected Tesco Garlic & Cheese Breads Or Fresh Pasta Or Fresh Pasta Sauces,€3.50/kg,https://www.tesco.ie/groceries/en-IE/products/307137985,https://digitalcontent.api.tesco.com/v2/media/ghs/413e175d-cfc2-4356-89f7-dfe44b935779/2ac38b99-9dfa-41b0-9293-5a8693e97ed7_106621499.jpeg?h=225&w=225
Tesco Fusilli 300G,€1.10,,€3.67/kg,https://www.tesco.ie/groceries/en-IE/products/302089248,https://digitalcontent.api.tesco.com/v2/media/ghs/8f3c2657-ce03-4a94-90e8-378abc16766e/55286e5d-8953-4106-b8fa-0c6b13dc4cad.jpeg?h=225&w=225
Tesco Penne 300G,€1.15,Any 3 for 2 Clubcard Price - Cheapest Product Free - Selected Tesco Garlic & Cheese Breads Or Fresh Pasta Or Fresh Pasta Sauces,€3.83/kg,https://www.tesco.ie/groceries/en-IE/products/299829030,https://digitalcontent.api.tesco.com/v2/media/ghs/111a697f-ee25-46fc-a6e8-c131a794c8bc/cd62dc94-70ec-4ef3-8aa2-7a1c7834b62d.jpeg?h=225&w=225
Tesco Fresh Potato Gnocchi Pasta 400 G,€1.50,,€3.75/kg,https://www.tesco.ie/groceries/en-IE/products/275062447,https://digitalcontent.api.tesco.com/v2/media/ghs/ee6b895c-a31b-4366-87fa-59b483f0ea65/56219b91-9a28-4326-b971-447382beb05e.jpeg?h=225&w=225
Tesco Sausage & Ham Fresh Tortelloni 300g,€2.75,Any 3 for 2 Clubcard Price - Cheapest Product Free - Selected Tesco Garlic & Cheese Breads Or Fresh Pasta Or Fresh Pasta Sauces,€9.17/kg,https://www.tesco.ie/groceries/en-IE/products/299829363,https://digitalcontent.api.tesco.com/v2/media/ghs/6e8c487b-7a78-4f6f-b2b6-7154fac1a7ec/1eb90018-65e9-4c6b-a3de-2717c714ebfd.jpeg?h=225&w=225
Tesco Fresh Tagliatelle Nests 300g,€1.15,,€3.83/kg,https://www.tesco.ie/groceries/en-IE/products/299829075,https://digitalcontent.api.tesco.com/v2/media/ghs/f8cc3eb1-8499-495f-ae14-b0a122350d76/b374d792-b687-4abc-84a5-c5e1c25f561f.jpeg?h=225&w=225
Tesco Spaghetti 300G,€1.15,,€3.83/kg,https://www.tesco.ie/groceries/en-IE/products/304372029,https://digitalcontent.api.tesco.com/v2/media/ghs/0c8ba7b0-e495-4d32-abd4-e2426d9c82aa/b908175b-b222-4690-8ccc-9abc37a5cfbe.jpeg?h=225&w=225
Emma Giordani Spinach Ricotta Tortelloni 250G,€3.15,€1.50 Clubcard Price,€12.60/kg,https://www.tesco.ie/groceries/en-IE/products/264834029,https://digitalcontent.api.tesco.com/v2/media/ghs/737ec7d7-3c80-44bc-90ec-7215a0914c7a/3479e0e7-d323-4fae-8a64-44044cb2d96b_1903254940.jpeg?h=225&w=225
Tesco Cheese & Tomato Fresh Tortelloni 300g,€2.75,Any 3 for 2 Clubcard Price - Cheapest Product Free - Selected Tesco Garlic & Cheese Breads Or Fresh Pasta Or Fresh Pasta Sauces,€9.17/kg,https://www.tesco.ie/groceries/en-IE/products/303615495,https://digitalcontent.api.tesco.com/v2/media/ghs/63e11b86-06a3-41ad-8ecf-04a961fd4631/1c0f6701-9e84-442b-a7cb-53772e0f26c7_1230336225.jpeg?h=225&w=225
Tesco Finest Spinach Ricotta Girasoli 250G,€3.75,Any 2 for €6 Clubcard Price - Selected Tesco Finest* Pizza Pasta 250g,€15.00/kg,https://www.tesco.ie/groceries/en-IE/products/303615512,https://digitalcontent.api.tesco.com/v2/media/ghs/d0366f66-e8d6-4812-a4e6-3879c207a1a4/ec43e07a-90a4-4f78-8225-9b120985ddaf_706752214.jpeg?h=225&w=225
Emma Giordani Cheese And Tomato Tortelloni 250G,€3.15,€1.50 Clubcard Price,€12.60/kg,https://www.tesco.ie/groceries/en-IE/products/297149122,https://digitalcontent.api.tesco.com/v2/media/ghs/f57fb5f0-4966-4725-b706-a5a58b424bb2/snapshotimagehandler_1776901050.jpeg?h=225&w=225
Emma Giordani Prosciutto Mozzarella Cappelletti 250G,€3.15,€1.50 Clubcard Price,€12.60/kg,https://www.tesco.ie/groceries/en-IE/products/265304143,https://digitalcontent.api.tesco.com/v2/media/ghs/cfd94a85-b45f-46c1-860f-ec7d1d76b3d2/snapshotimagehandler_753339445.jpeg?h=225&w=225
Tesco Finest Slow Cooked Beef Ragu Ravioli 250G,€3.75,Any 2 for €6 Clubcard Price - Selected Tesco Finest* Pizza Pasta 250g,€15.00/kg,https://www.tesco.ie/groceries/en-IE/products/314581643,https://digitalcontent.api.tesco.com/v2/media/ghs/d82a3e86-5652-4a80-944b-4e7c13c84572/8e91f62d-566b-4c66-8bca-9b57e663457d_785537215.jpeg?h=225&w=225
Tesco Beef Bolognese Fresh Ravioli 300g,€2.75,,€9.17/kg,https://www.tesco.ie/groceries/en-IE/products/314094396,https://digitalcontent.api.tesco.com/v2/media/ghs/ae8304e3-aeac-41de-b95b-0a358563dedd/2d21e311-523c-48ad-b130-827b72bc65bb_1954040925.jpeg?h=225&w=225
La Famiglia Rana Prosciutto & Mozzarella Tortelloni 250G,€3.50,€2.80 Clubcard Price,€14.00/kg,https://www.tesco.ie/groceries/en-IE/products/314925791,https://digitalcontent.api.tesco.com/v2/media/ghs/aa526bb9-1ec9-47bc-b014-00bc6d720855/524772f3-e65b-4888-bdd4-b1aee22b8dfe_920471287.jpeg?h=225&w=225
Patamore Fresh Pumpkin Gnocchi Striped 400G,€3.79,,€9.48/kg,https://www.tesco.ie/groceries/en-IE/products/309786247,https://digitalcontent.api.tesco.com/v2/media/ghs/8850d51b-4f2b-4b06-a25a-3bdbd2a3451c/72de2d3b-4ad6-4296-bff3-c6d8ee1566d7_1097618713.jpeg?h=225&w=225
La Famiglia Rana Spinach & Mozzarella Filled Gnocchi 280G,€3.50,€2.80 Clubcard Price,€12.50/kg,https://www.tesco.ie/groceries/en-IE/products/315077997,https://digitalcontent.api.tesco.com/v2/media/ghs/6b016296-c7fa-4124-8a24-2c9abcf6ce8b/e6d9556a-c652-4adc-8512-2d712808a369_876120788.jpeg?h=225&w=225
San Marco Potato Gnocchi 500G,€3.09,,€6.18/kg,https://www.tesco.ie/groceries/en-IE/products/310174498,https://digitalcontent.api.tesco.com/v2/media/ghs/b897a7eb-ea9d-4e21-a9ed-665dac7208d2/5810ce84-d93e-4ee0-acfb-91395a20ec82_246311545.jpeg?h=225&w=225
San Marco Fresh Egg Spaghetti 250G,€2.55,,€10.20/kg,https://www.tesco.ie/groceries/en-IE/products/310163373,https://digitalcontent.api.tesco.com/v2/media/ghs/e656171a-84d3-4f60-ae89-c2b1dd7e3e1b/75fb5e4b-5481-45be-aefc-535c6df88d69_1932907590.jpeg?h=225&w=225
San Marco Fresh Egg Tagliatelle 250G,€2.55,,€10.20/kg,https://www.tesco.ie/groceries/en-IE/products/310155976,https://digitalcontent.api.tesco.com/v2/media/ghs/a87b7b57-c2eb-47ec-91ed-5cdcb67c417d/8b0daadb-e4b0-4e58-8703-9f8de328aa34_145398967.jpeg?h=225&w=225
Patamore Fresh Spinach Gnocchi 400G,€3.79,,€9.48/kg,https://www.tesco.ie/groceries/en-IE/products/310181944,https://digitalcontent.api.tesco.com/v2/media/ghs/55e0880e-c06f-4f16-bf39-069a42d08ae6/c24d1375-b779-4bb2-badc-a7cb58ec0b5a_137825886.jpeg?h=225&w=225
Temporin Tortellini With Prosciutto Crudo 250G,€3.99,,€15.96/kg,https://www.tesco.ie/groceries/en-IE/products/310168638,https://digitalcontent.api.tesco.com/v2/media/ghs/94e1680e-a92e-45cc-a280-894aa498e53a/cee7c987-787f-4d49-985f-a5eb1f5a1c94_1821355469.jpeg?h=225&w=225
Temporin Tortelloni With Ricotta And Spinach 250G,€3.99,,€15.96/kg,https://www.tesco.ie/groceries/en-IE/products/310116136,https://digitalcontent.api.tesco.com/v2/media/ghs/d84db50e-78ef-43f8-bcb5-de8a1c1576ee/e44777a1-e242-4d03-ba41-7b881dbfbae6_1194701373.jpeg?h=225&w=225
