Title,Price,Promotional Price,Price Per,Product URL,Image URL
Cully & Sully Chicken & Vegetable Soup 400G,€2.89,Any 3 for €5 Clubcard Price - Selected Cheese Or Fresh Soup Or Meat Or Yogurt & Desserts,€7.22/kg,https://www.tesco.ie/groceries/en-IE/products/263663706,https://digitalcontent.api.tesco.com/v2/media/ghs/22a5bc73-8d95-4ab2-ac61-6e646567f04b/d84d509b-c769-456a-9b7f-37f6e775ee40.jpeg?h=225&w=225
Cully And Sully Tomato & Basil Soup 400 G,€2.89,Any 3 for €5 Clubcard Price - Selected Cheese Or Fresh Soup Or Meat Or Yogurt & Desserts,€7.22/kg,https://www.tesco.ie/groceries/en-IE/products/263663739,https://digitalcontent.api.tesco.com/v2/media/ghs/8a4b640b-4d83-485f-ae1b-cc2265947134/cd93e8af-7ecc-4b48-a60f-56507e590264.jpeg?h=225&w=225
Cully & Sully Vegetable Soup 400G,€2.89,Any 3 for €5 Clubcard Price - Selected Cheese Or Fresh Soup Or Meat Or Yogurt & Desserts,€7.22/kg,https://www.tesco.ie/groceries/en-IE/products/259852850,https://digitalcontent.api.tesco.com/v2/media/ghs/bc43b506-8064-485f-b30e-fa4ff2644106/888ad9ef-e9b0-4dee-8174-e39a67a334f0_1479937494.jpeg?h=225&w=225
Tesco Spinach & Ricotta Fresh Tortelloni 300g,€2.75,Any 3 for 2 Clubcard Price - Cheapest Product Free - Selected Tesco Garlic & Cheese Breads Or Fresh Pasta Or Fresh Pasta Sauces,€9.17/kg,https://www.tesco.ie/groceries/en-IE/products/299829340,https://digitalcontent.api.tesco.com/v2/media/ghs/0c06ba47-952b-488c-bec7-b0312c9e0065/4998464d-330f-453d-b1d0-c36c013a0439.jpeg?h=225&w=225
Avonmore Fresh Chicken And Vegetable Soup 400G,€2.49,€2.00 Clubcard Price,€6.22/litre,https://www.tesco.ie/groceries/en-IE/products/260792504,https://digitalcontent.api.tesco.com/v2/media/ghs/691a696a-663c-47f7-9743-25c31b0feff8/ab650265-2e9c-4838-81b7-80d599d80023_1320651425.jpeg?h=225&w=225
Mash Direct Mashed Potato 400G,€2.40,Any 3 for €6 Clubcard Price - Selected Mash Direct Ready Meals 280g-400g,€6.00/kg,https://www.tesco.ie/groceries/en-IE/products/260715563,https://digitalcontent.api.tesco.com/v2/media/ghs/2d725c02-4541-47bf-b675-67a28c262397/46d295fd-d40b-46cf-8375-6dc4341c2910.jpeg?h=225&w=225
Tesco Garlic Flatbread 255G,€2.00,Any 3 for 2 Clubcard Price - Cheapest Product Free - Selected Tesco Garlic & Cheese Breads Or Fresh Pasta Or Fresh Pasta Sauces,€7.84/kg,https://www.tesco.ie/groceries/en-IE/products/288610223,https://digitalcontent.api.tesco.com/v2/media/ghs/b3fee48f-23e2-4f1d-bdc9-b24e30f017b0/1a52c55b-919d-4fdf-b144-a372c08798ee.jpeg?h=225&w=225
Tesco Meals Made Easy Beef Lasagne 1Kg,€7.00,Any 2 for €12.50 Clubcard Price - Selected Tesco Meals Made Easy Products 1kg,€7.00/kg,https://www.tesco.ie/groceries/en-IE/products/300771048,https://digitalcontent.api.tesco.com/v2/media/ghs/1f48a77f-ad8c-4048-b17c-3f17d5a586ec/2d4c09e6-cd00-4b45-b6b5-9b9da8a4aa01_544670138.jpeg?h=225&w=225
Tesco Tomato & Mascarpone Sauce 350G,€2.00,Any 3 for 2 Clubcard Price - Cheapest Product Free - Selected Tesco Garlic & Cheese Breads Or Fresh Pasta Or Fresh Pasta Sauces,€5.71/kg,https://www.tesco.ie/groceries/en-IE/products/253174037,https://digitalcontent.api.tesco.com/v2/media/ghs/dc4e94a8-cce6-462e-847f-c5908f1ff62f/42ae034e-a428-45aa-be3d-2bd4d7b8a6a5.jpeg?h=225&w=225
"Tesco Garlic Ciabatta Slice 8 Pack, 360 G",€2.50,Any 3 for 2 Clubcard Price - Cheapest Product Free - Selected Tesco Garlic & Cheese Breads Or Fresh Pasta Or Fresh Pasta Sauces,€6.94/kg,https://www.tesco.ie/groceries/en-IE/products/267114791,https://digitalcontent.api.tesco.com/v2/media/ghs/8ba960c3-35cd-47cb-8245-13d0c7054b3b/38e6483c-9f03-495a-8736-7dcc5948257e.jpeg?h=225&w=225
Carroll's Garlic Butter Baguette 175G,€2.59,€2.00 Clubcard Price,€14.80/kg,https://www.tesco.ie/groceries/en-IE/products/306500194,https://digitalcontent.api.tesco.com/v2/media/ghs/f9d07b44-4cbe-4335-bd4c-4470149dd333/62dfc169-81b8-459c-9e3a-8074e170d4c8.jpeg?h=225&w=225
Tesco Penne Pasta 500G,€1.75,Any 3 for 2 Clubcard Price - Cheapest Product Free - Selected Tesco Garlic & Cheese Breads Or Fresh Pasta Or Fresh Pasta Sauces,€3.50/kg,https://www.tesco.ie/groceries/en-IE/products/307363250,https://digitalcontent.api.tesco.com/v2/media/ghs/c4368388-f297-455b-bea7-5b98c91546b3/217a4f4f-1579-4506-8328-d804d5fe80e4_1830622463.jpeg?h=225&w=225
Tesco Meals Made Easy Cottage Pie 1Kg,€7.00,Any 2 for €12.50 Clubcard Price - Selected Tesco Meals Made Easy Products 1kg,€7.00/kg,https://www.tesco.ie/groceries/en-IE/products/300770929,https://digitalcontent.api.tesco.com/v2/media/ghs/3019ac38-bb75-4033-aba9-66e953c3a2e2/5c11034e-2dbb-4c93-bfc4-5e0f683e4369_333556729.jpeg?h=225&w=225
Avonmore Soup Fresh Cream Of Chicken 400G,€2.49,€2.00 Clubcard Price,€6.22/kg,https://www.tesco.ie/groceries/en-IE/products/273983149,https://digitalcontent.api.tesco.com/v2/media/ghs/1ba318c2-7ba4-42fb-919e-eb41ff0b8f50/e8eefe73-07b5-4240-8a71-cf0d1b8e9248_1423750726.jpeg?h=225&w=225
Fit Foods Chicken Curry With Brown Rice 400G,€4.50,Any 2 for €8.50 Clubcard Price - Selected Fit Foods Ready Meals 400g,€11.25/kg,https://www.tesco.ie/groceries/en-IE/products/313753943,https://digitalcontent.api.tesco.com/v2/media/ghs/9ca78212-715c-41a3-96cd-e53d87df48ae/8ef2dde3-16e1-440a-ab04-3a0225fda6a5_1817924468.jpeg?h=225&w=225
Tesco Finest Garlic & Parsley Ciabatta 255G,€3.00,Meal Deal for €12.50 Clubcard Price - Buy Any 2 Finest Pizza & 2 Finest Sides Or Drinks,€11.76/kg,https://www.tesco.ie/groceries/en-IE/products/296481201,https://digitalcontent.api.tesco.com/v2/media/ghs/fa381b0b-89d9-47a5-a8fa-4538c7ff0771/c53cf8e9-562e-4878-9e2d-ac51172f79ff.jpeg?h=225&w=225
Tesco Fresh Tagliatelle Nests 500G,€1.75,Any 3 for 2 Clubcard Price - Cheapest Product Free - Selected Tesco Garlic & Cheese Breads Or Fresh Pasta Or Fresh Pasta Sauces,€3.50/kg,https://www.tesco.ie/groceries/en-IE/products/307137985,https://digitalcontent.api.tesco.com/v2/media/ghs/413e175d-cfc2-4356-89f7-dfe44b935779/2ac38b99-9dfa-41b0-9293-5a8693e97ed7_106621499.jpeg?h=225&w=225
Mash Direct Carrot & Parsnip Mash 400G,€2.40,Any 3 for €6 Clubcard Price - Selected Mash Direct Ready Meals 280g-400g,€6.00/kg,https://www.tesco.ie/groceries/en-IE/products/260178456,https://digitalcontent.api.tesco.com/v2/media/ghs/535fc84a-26c5-4e88-8319-6471e78b2e91/ce6e491b-f0ef-42ef-aedf-7b21316b90a1.jpeg?h=225&w=225
Fit Foods Wholemeal Pasta Minced Beef And Vegetable Sauce 400G,€4.50,Any 2 for €8.50 Clubcard Price - Selected Fit Foods Ready Meals 400g,€11.25/kg,https://www.tesco.ie/groceries/en-IE/products/313605117,https://digitalcontent.api.tesco.com/v2/media/ghs/b2cdcc09-d9c4-4398-bc6d-9b8cfd2b08c4/3423080b-5aa3-4f9e-9179-c99244ce1e7f_1357257636.jpeg?h=225&w=225
Cully&Sully Smoked Haddock&Salmon Chowder 400G,€2.99,Any 3 for €5 Clubcard Price - Selected Cheese Or Fresh Soup Or Meat Or Yogurt & Desserts,€7.48/kg,https://www.tesco.ie/groceries/en-IE/products/278049407,https://digitalcontent.api.tesco.com/v2/media/ghs/f41b3f77-aaf0-4293-a14f-5ae90caa2de4/cab3bd0f-8fa9-446a-96b2-243b1d02c0d9.jpeg?h=225&w=225
Tesco Tomato & Basil Sauce 350G,€2.00,Any 3 for 2 Clubcard Price - Cheapest Product Free - Selected Tesco Garlic & Cheese Breads Or Fresh Pasta Or Fresh Pasta Sauces,€5.71/kg,https://www.tesco.ie/groceries/en-IE/products/253174043,https://digitalcontent.api.tesco.com/v2/media/ghs/82bef078-3a65-4a81-ab8a-1a40d3096dce/16caf6e0-d0e4-43d9-99f4-faf3f4a5d5aa.jpeg?h=225&w=225
Tesco Penne 300G,€1.15,Any 3 for 2 Clubcard Price - Cheapest Product Free - Selected Tesco Garlic & Cheese Breads Or Fresh Pasta Or Fresh Pasta Sauces,€3.83/kg,https://www.tesco.ie/groceries/en-IE/products/299829030,https://digitalcontent.api.tesco.com/v2/media/ghs/111a697f-ee25-46fc-a6e8-c131a794c8bc/cd62dc94-70ec-4ef3-8aa2-7a1c7834b62d.jpeg?h=225&w=225
Meals Made Easy Chicken And Broccoli Potato Bake 1Kg,€7.00,Any 2 for €12.50 Clubcard Price - Selected Tesco Meals Made Easy Products 1kg,€7.00/kg,https://www.tesco.ie/groceries/en-IE/products/312587467,https://digitalcontent.api.tesco.com/v2/media/ghs/015bcfb0-2b5b-49e2-8d0b-0e3f1152ef18/f8ba4c11-9596-4698-a24b-7e83d8d42f0d_691955318.jpeg?h=225&w=225
Avonmore Farmers Choice Mixed Vegetable 400G,€2.49,€2.00 Clubcard Price,€6.22/litre,https://www.tesco.ie/groceries/en-IE/products/260791995,https://digitalcontent.api.tesco.com/v2/media/ghs/72fecdab-7015-434f-b708-ace7108fa9eb/4c381fef-4cb3-43cc-be75-84f4c6902443_1416494723.jpeg?h=225&w=225
Cully And Sully Honey Carrot And Coriander Soup 400G,€2.89,Any 3 for €5 Clubcard Price - Selected Cheese Or Fresh Soup Or Meat Or Yogurt & Desserts,€7.22/kg,https://www.tesco.ie/groceries/en-IE/products/263663666,https://digitalcontent.api.tesco.com/v2/media/ghs/e9d8655b-0ecf-4581-b984-6af70e6feacb/snapshotimagehandler_1726325307.jpeg?h=225&w=225
Fit Foods Thai Red Chicken Curry And Brown Rice 400G,€4.50,Any 2 for €8.50 Clubcard Price - Selected Fit Foods Ready Meals 400g,€11.25/kg,https://www.tesco.ie/groceries/en-IE/products/313743949,https://digitalcontent.api.tesco.com/v2/media/ghs/35df9440-7d53-4501-b8e4-6d268ec6a488/84bef880-2d86-4f64-9016-762d77275d94_1022292011.jpeg?h=225&w=225
Carroll Cuisine Fresh Lasagne 350G,€3.99,€3.00 Clubcard Price,€11.40/kg,https://www.tesco.ie/groceries/en-IE/products/261507439,https://digitalcontent.api.tesco.com/v2/media/ghs/55881194-4b57-446c-a58e-b9b1454d9280/snapshotimagehandler_1488948870.jpeg?h=225&w=225
Tesco Sausage & Ham Fresh Tortelloni 300g,€2.75,Any 3 for 2 Clubcard Price - Cheapest Product Free - Selected Tesco Garlic & Cheese Breads Or Fresh Pasta Or Fresh Pasta Sauces,€9.17/kg,https://www.tesco.ie/groceries/en-IE/products/299829363,https://digitalcontent.api.tesco.com/v2/media/ghs/6e8c487b-7a78-4f6f-b2b6-7154fac1a7ec/1eb90018-65e9-4c6b-a3de-2717c714ebfd.jpeg?h=225&w=225
Brady Family Glazed Ham 80G,€2.99,€2.50 Clubcard Price,€37.38/kg,https://www.tesco.ie/groceries/en-IE/products/312340477,https://digitalcontent.api.tesco.com/v2/media/ghs/3df3c982-680c-4435-b6f1-b6f0a495abf3/3543cb5c-e93d-4faf-b9f4-d7babd0b664b_1098798424.jpeg?h=225&w=225
Fit Foods Chicken Chicken Korma With Brown Rice 400G,€4.50,Any 2 for €8.50 Clubcard Price - Selected Fit Foods Ready Meals 400g,€11.25/kg,https://www.tesco.ie/groceries/en-IE/products/313737531,https://digitalcontent.api.tesco.com/v2/media/ghs/8906bc9f-eb3f-4fd1-9f64-0c1d494a16e8/9344d2c7-87c3-4f81-b840-5e4bf9393e78_664705914.jpeg?h=225&w=225
Tesco Meals Made Easy Chicken Pasta Bake 1Kg,€7.00,Any 2 for €12.50 Clubcard Price - Selected Tesco Meals Made Easy Products 1kg,€7.00/kg,https://www.tesco.ie/groceries/en-IE/products/300808208,https://digitalcontent.api.tesco.com/v2/media/ghs/24a0955d-a920-4699-94d1-ab5b043a3879/eb8833cb-8f6e-4e2c-af59-b66ca7200539_560352501.jpeg?h=225&w=225
Cully And Sully Mushroom Soup 400G,€2.89,€2.25 Clubcard Price,€7.22/kg,https://www.tesco.ie/groceries/en-IE/products/263663653,https://digitalcontent.api.tesco.com/v2/media/ghs/a26d796f-1c34-4aee-ae82-ee73b28b9305/snapshotimagehandler_18771054.jpeg?h=225&w=225
The Craft Chef Potato Gratin And Irish Chedder 400G,€3.00,Any 2 for €5 Clubcard Price - Selected The Crafty Chef Ready To Cook Meat,€7.50/kg,https://www.tesco.ie/groceries/en-IE/products/314585837,https://digitalcontent.api.tesco.com/v2/media/ghs/8879f2b6-a3a9-432c-9ea0-56b116d0b2cf/392d7518-3e4a-4869-b8cc-a72bde942eec_2433044.jpeg?h=225&w=225
Gosh Mediterranean Falafel 171G,€3.00,€2.39 Clubcard Price,€17.54/kg,https://www.tesco.ie/groceries/en-IE/products/314118116,https://digitalcontent.api.tesco.com/v2/media/ghs/e1b42976-532a-422b-84a9-9c859f3a1f43/47925414-6ead-4c93-aadd-e4a1c9fc3216.jpeg?h=225&w=225
Avonmore Tomato And Basil Soup 400G,Currently out of stock,,,https://www.tesco.ie/groceries/en-IE/products/260792435,https://digitalcontent.api.tesco.com/v2/media/ghs/27a4f6dd-d655-40df-beab-c637783238da/3f1c1e56-fe8f-488c-839a-e6dc7cc401a4_816766456.jpeg?h=225&w=225
Fit Foods Chicken Pasta 400G,€4.50,Any 2 for €8.50 Clubcard Price - Selected Fit Foods Ready Meals 400g,€11.25/kg,https://www.tesco.ie/groceries/en-IE/products/314578170,https://digitalcontent.api.tesco.com/v2/media/ghs/43d0375e-d24d-460a-b9c8-0bf048a570db/08b0b6da-28d4-4cfa-95c4-a5549d63d3e7_1080133550.jpeg?h=225&w=225
Tesco Finest Buf/Mozz And Sun Dried Tomato Wdfire Pizza 475G,€5.50,Meal Deal for €12.50 Clubcard Price - Buy Any 2 Finest Pizza & 2 Finest Sides Or Drinks,€11.58/kg,https://www.tesco.ie/groceries/en-IE/products/310179746,https://digitalcontent.api.tesco.com/v2/media/ghs/bbee5850-c84d-4731-a170-1eaa2fe7b9db/f63a81e4-0080-41bb-bb08-3740e0688850_940041640.jpeg?h=225&w=225
Avonmore Leek&Potato Soup 400G,€2.49,€2.00 Clubcard Price,€6.22/kg,https://www.tesco.ie/groceries/en-IE/products/273981543,https://digitalcontent.api.tesco.com/v2/media/ghs/9add5342-070b-47f5-9cd7-c7c60d1aa27a/9bdd2d8b-a401-44e6-8596-064cc7da1377_845042180.jpeg?h=225&w=225
Mash Direct Mashed Turnip 400G,€2.40,Any 3 for €6 Clubcard Price - Selected Mash Direct Ready Meals 280g-400g,€6.00/kg,https://www.tesco.ie/groceries/en-IE/products/260178443,https://digitalcontent.api.tesco.com/v2/media/ghs/ef227d00-3b41-4143-a6aa-9d5a7a0e2cdf/ed331a06-6b68-4061-9535-b8cf0c60bb1a.jpeg?h=225&w=225
Fit Foods Chicken And Chorizo With Baby Potatoes 400G,€4.50,Any 2 for €8.50 Clubcard Price - Selected Fit Foods Ready Meals 400g,€11.25/kg,https://www.tesco.ie/groceries/en-IE/products/313502982,https://digitalcontent.api.tesco.com/v2/media/ghs/75b2d2b7-01ef-480c-8394-7f71fcc1afa9/dc0e7409-c60f-484a-956f-7211fea35ee8_949767010.jpeg?h=225&w=225
Tesco Finest Italian Meats Wdfired Pizza 510G,€5.50,Meal Deal for €12.50 Clubcard Price - Buy Any 2 Finest Pizza & 2 Finest Sides Or Drinks,€10.78/kg,https://www.tesco.ie/groceries/en-IE/products/310686140,https://digitalcontent.api.tesco.com/v2/media/ghs/85a80166-d8b4-45b6-ab22-b5fee13f5af0/168bf259-e4f2-469f-baaf-b34d06dde28f_325849032.jpeg?h=225&w=225
Tesco Meals Made Easy Chicken Curry 1Kg,€7.00,Any 2 for €12.50 Clubcard Price - Selected Tesco Meals Made Easy Products 1kg,€7.00/kg,https://www.tesco.ie/groceries/en-IE/products/300807958,https://digitalcontent.api.tesco.com/v2/media/ghs/641d7ad3-1d31-4978-8af7-c797bd749b46/5b7be548-c732-42af-9915-0844cddd3319_841846244.jpeg?h=225&w=225
Emma Giordani Spinach Ricotta Tortelloni 250G,€3.15,€1.50 Clubcard Price,€12.60/kg,https://www.tesco.ie/groceries/en-IE/products/264834029,https://digitalcontent.api.tesco.com/v2/media/ghs/737ec7d7-3c80-44bc-90ec-7215a0914c7a/3479e0e7-d323-4fae-8a64-44044cb2d96b_1903254940.jpeg?h=225&w=225
Tesco Finest Garlic & Extra Virgin Olive Oil Flatbread 200G,€3.00,Meal Deal for €12.50 Clubcard Price - Buy Any 2 Finest Pizza & 2 Finest Sides Or Drinks,€15.00/kg,https://www.tesco.ie/groceries/en-IE/products/304797553,https://digitalcontent.api.tesco.com/v2/media/ghs/522d3f07-c541-4637-9ee8-42488e4a08a1/25c05a33-21bb-4862-b7a0-6d6b22e59aa7.jpeg?h=225&w=225
Fit Foods M/Bls With Wholemeal Pasta 400G,€4.50,Any 2 for €8.50 Clubcard Price - Selected Fit Foods Ready Meals 400g,€11.25/kg,https://www.tesco.ie/groceries/en-IE/products/313741174,https://digitalcontent.api.tesco.com/v2/media/ghs/e1010b66-cb3e-416a-ba45-9ecb7e52e0f8/d3640c5b-3203-4dde-b3d5-dc9dbde8521d_1281251867.jpeg?h=225&w=225
Fit Foods Swt/Ch Chicken And Whole Wheat Noodles 400G,€4.50,Any 2 for €8.50 Clubcard Price - Selected Fit Foods Ready Meals 400g,€11.25/kg,https://www.tesco.ie/groceries/en-IE/products/313749767,https://digitalcontent.api.tesco.com/v2/media/ghs/ecad3eae-f73e-423c-80bf-0f9ccf58a6ef/4ebb9a1b-be4b-4c00-9c49-67b352b09e6b_1249690359.jpeg?h=225&w=225
Tesco Meals Made Easy Beef Casserole 1Kg,€7.00,Any 2 for €12.50 Clubcard Price - Selected Tesco Meals Made Easy Products 1kg,€7.00/kg,https://www.tesco.ie/groceries/en-IE/products/300770239,https://digitalcontent.api.tesco.com/v2/media/ghs/25c529a4-1fa3-43f5-aff2-bdb59fdfd280/3c247b74-57ce-45c2-a828-8ddb952110b7_1867476146.jpeg?h=225&w=225
Tesco Meals Made Easy Beef Meatball Pasta Bake 1Kg,€7.00,Any 2 for €12.50 Clubcard Price - Selected Tesco Meals Made Easy Products 1kg,€7.00/kg,https://www.tesco.ie/groceries/en-IE/products/302037512,https://digitalcontent.api.tesco.com/v2/media/ghs/9a2d6780-0041-4f9d-8125-cd8d366c9867/3d22e790-4c06-4af1-98a7-a047c4286257_297382724.jpeg?h=225&w=225
Avonmore Low Fat Tomato And Basil Soup 400G,€2.49,€2.00 Clubcard Price,€6.22/kg,https://www.tesco.ie/groceries/en-IE/products/264499726,https://digitalcontent.api.tesco.com/v2/media/ghs/5637d926-7963-4344-a93b-9c0823f94fa2/7cab8bae-a7f5-44ce-bfe6-fa8e000e5abc_1640617261.jpeg?h=225&w=225
Tesco Finest Ham Mushroom Mascarpone Wdfired Pizza 510G,€5.50,Meal Deal for €12.50 Clubcard Price - Buy Any 2 Finest Pizza & 2 Finest Sides Or Drinks,€10.78/kg,https://www.tesco.ie/groceries/en-IE/products/310104041,https://digitalcontent.api.tesco.com/v2/media/ghs/4b17e9a0-93b1-4f98-9755-61fcd9a2593e/3c622270-9c41-4ee3-9429-4b8a07ab4399_1325445415.jpeg?h=225&w=225
Tesco Cheese & Tomato Fresh Tortelloni 300g,€2.75,Any 3 for 2 Clubcard Price - Cheapest Product Free - Selected Tesco Garlic & Cheese Breads Or Fresh Pasta Or Fresh Pasta Sauces,€9.17/kg,https://www.tesco.ie/groceries/en-IE/products/303615495,https://digitalcontent.api.tesco.com/v2/media/ghs/63e11b86-06a3-41ad-8ecf-04a961fd4631/1c0f6701-9e84-442b-a7cb-53772e0f26c7_1230336225.jpeg?h=225&w=225
Tesco Finest Spinach Ricotta Girasoli 250G,€3.75,Any 2 for €6 Clubcard Price - Selected Tesco Finest* Pizza Pasta 250g,€15.00/kg,https://www.tesco.ie/groceries/en-IE/products/303615512,https://digitalcontent.api.tesco.com/v2/media/ghs/d0366f66-e8d6-4812-a4e6-3879c207a1a4/ec43e07a-90a4-4f78-8225-9b120985ddaf_706752214.jpeg?h=225&w=225
Fit Foods Taco Fries 400G,€4.50,Any 2 for €8.50 Clubcard Price - Selected Fit Foods Ready Meals 400g,€11.25/kg,https://www.tesco.ie/groceries/en-IE/products/314121181,https://digitalcontent.api.tesco.com/v2/media/ghs/31cda5b3-d1f9-45e3-abdd-9da80a243c74/7d8209f3-6d7e-4abc-9f42-86c15c66886a_1961002952.jpeg?h=225&w=225
Meals Made Easy Mac And Cheese With Smoked Ham 1Kg,€7.00,Any 2 for €12.50 Clubcard Price - Selected Tesco Meals Made Easy Products 1kg,€7.00/kg,https://www.tesco.ie/groceries/en-IE/products/306952424,https://digitalcontent.api.tesco.com/v2/media/ghs/2bac8f17-f60f-4813-9242-3bfd6c6cfeb3/cce46205-2da0-4045-8261-bff74f5ea34e_1441427868.jpeg?h=225&w=225
Cully And Sully Thai Chicken Soup 400G,€2.99,€2.25 Clubcard Price,€7.48/kg,https://www.tesco.ie/groceries/en-IE/products/268044635,https://digitalcontent.api.tesco.com/v2/media/ghs/9536eea7-41eb-4551-a706-564ec362382a/snapshotimagehandler_1042455049.jpeg?h=225&w=225
Mash Direct Green Cabbage 280G,€2.32,Any 3 for €6 Clubcard Price - Selected Mash Direct Ready Meals 280g-400g,€8.29/kg,https://www.tesco.ie/groceries/en-IE/products/263331390,https://digitalcontent.api.tesco.com/v2/media/ghs/f97f5e53-5203-4eca-83c6-b0b2da55903c/4ecb5f1c-4f77-4b78-84c4-5e1a04692c5c.jpeg?h=225&w=225
Tesco Meals Made Easy Chicken And Chorizo Pasta Bake 1Kg,€7.00,Any 2 for €12.50 Clubcard Price - Selected Tesco Meals Made Easy Products 1kg,€7.00/kg,https://www.tesco.ie/groceries/en-IE/products/312587277,https://digitalcontent.api.tesco.com/v2/media/ghs/210804f6-f4c9-4e6a-9f87-55a0e7fd9833/1a796b70-0cca-43a0-950e-f43ba504a69d_978746902.jpeg?h=225&w=225
Gosh Moroccan Spiced Falafel 171G,€3.45,€2.39 Clubcard Price,€20.18/kg,https://www.tesco.ie/groceries/en-IE/products/314324655,https://digitalcontent.api.tesco.com/v2/media/ghs/d287333c-a263-4240-b530-08721a4f5920/ad0d72aa-0caa-414b-baac-f0a456ed83b1.jpeg?h=225&w=225
Pizza Express Dough Balls 200G,€3.95,Any 2 for €6 Clubcard Price - Selected Pizza Express Pizza Or Dough Balls 200g-292g,€19.75/kg,https://www.tesco.ie/groceries/en-IE/products/257466628,https://digitalcontent.api.tesco.com/v2/media/ghs/afab3f9c-b969-4c69-97c7-93964ccd2a07/b1ffc1fa-e62b-4518-bdcd-37ab1288751d.jpeg?h=225&w=225
Tesco Finest Spicy Chicken And Red Pepper Wdfired Pizza 500G,€5.50,Meal Deal for €12.50 Clubcard Price - Buy Any 2 Finest Pizza & 2 Finest Sides Or Drinks,€11.00/kg,https://www.tesco.ie/groceries/en-IE/products/310163807,https://digitalcontent.api.tesco.com/v2/media/ghs/03f75bc3-f8b8-4eaa-a397-586ce70b762e/b56c86c5-b9cb-445a-a75f-e3a100141a8a_736013526.jpeg?h=225&w=225
Avonmore Low Fat Garden Vegetable Soup 400G,€2.49,€2.00 Clubcard Price,€6.22/kg,https://www.tesco.ie/groceries/en-IE/products/264499876,https://digitalcontent.api.tesco.com/v2/media/ghs/b0ba646b-4cb3-45bc-a1e5-91112e0f217a/bba2d9b7-edb5-47f4-8ea3-fa71213c2e75_1041393240.jpeg?h=225&w=225
Tesco Cheese & Garlic Flatbread 230G,€2.50,Any 3 for 2 Clubcard Price - Cheapest Product Free - Selected Tesco Garlic & Cheese Breads Or Fresh Pasta Or Fresh Pasta Sauces,€10.87/kg,https://www.tesco.ie/groceries/en-IE/products/286265277,https://digitalcontent.api.tesco.com/v2/media/ghs/35ffa092-2f6e-4167-8728-daedf8389a0a/8f4d91ff-8277-481c-9802-e9968742880a.jpeg?h=225&w=225
Pizza Express Margherita Pizza 245G,€6.00,Any 2 for €6 Clubcard Price - Selected Pizza Express Pizza Or Dough Balls 200g-292g,€24.49/kg,https://www.tesco.ie/groceries/en-IE/products/261384030,https://digitalcontent.api.tesco.com/v2/media/ghs/36a9c43a-f043-4be5-aac5-535cc563248a/d14cb217-afe3-40c1-9d00-45b94e68d512.jpeg?h=225&w=225
Emma Giordani Cheese And Tomato Tortelloni 250G,€3.15,€1.50 Clubcard Price,€12.60/kg,https://www.tesco.ie/groceries/en-IE/products/297149122,https://digitalcontent.api.tesco.com/v2/media/ghs/f57fb5f0-4966-4725-b706-a5a58b424bb2/snapshotimagehandler_1776901050.jpeg?h=225&w=225
Cully And Sully Lentil And Bacon Soup 400G,€2.99,€2.25 Clubcard Price,€7.48/kg,https://www.tesco.ie/groceries/en-IE/products/280146232,https://digitalcontent.api.tesco.com/v2/media/ghs/7c89c715-436e-4628-81c4-15ba0138fcc4/snapshotimagehandler_1704240761.jpeg?h=225&w=225
Emma Giordani Prosciutto Mozzarella Cappelletti 250G,€3.15,€1.50 Clubcard Price,€12.60/kg,https://www.tesco.ie/groceries/en-IE/products/265304143,https://digitalcontent.api.tesco.com/v2/media/ghs/cfd94a85-b45f-46c1-860f-ec7d1d76b3d2/snapshotimagehandler_753339445.jpeg?h=225&w=225
The Crafty Chef Garlic And Herb Baby Potatoes 400G,€3.00,Any 2 for €5 Clubcard Price - Selected The Crafty Chef Ready To Cook Meat,€7.50/kg,https://www.tesco.ie/groceries/en-IE/products/314838787,https://digitalcontent.api.tesco.com/v2/media/ghs/9111ad10-9ec2-4ff4-a521-37ba1df479cc/afa2f211-e3cb-44a3-8e21-25c3a898b939_29104298.jpeg?h=225&w=225
Tesco Sunblush Tomato & Garlic Flatbread 235 G,€2.50,Any 3 for 2 Clubcard Price - Cheapest Product Free - Selected Tesco Garlic & Cheese Breads Or Fresh Pasta Or Fresh Pasta Sauces,€10.64/kg,https://www.tesco.ie/groceries/en-IE/products/286242984,https://digitalcontent.api.tesco.com/v2/media/ghs/3ed017e4-37bc-4005-b93d-9462f1c09244/38e6b645-c19f-4ba8-946a-c03e7fbf4edf.jpeg?h=225&w=225
Tesco Garlic & Rosemary Flatbread 220G,€2.50,Any 3 for 2 Clubcard Price - Cheapest Product Free - Selected Tesco Garlic & Cheese Breads Or Fresh Pasta Or Fresh Pasta Sauces,€11.36/kg,https://www.tesco.ie/groceries/en-IE/products/286264762,https://digitalcontent.api.tesco.com/v2/media/ghs/4e1f5775-f1f4-4361-a402-33fac26fb555/65a03482-6052-4e6f-bd12-fb28d4b4e1ac.jpeg?h=225&w=225
Cully And Sully Limited Edition Soup 400G,€2.89,€2.25 Clubcard Price,€7.22/kg,https://www.tesco.ie/groceries/en-IE/products/263662809,https://digitalcontent.api.tesco.com/v2/media/ghs/0fc28aa7-e2ec-4f45-b925-b105cbfe462a/9657004b-221c-410a-974e-9c50eb6cffcf_982675957.jpeg?h=225&w=225
Tesco Meals Made Easy Chicken Casserole 1Kg,€7.00,Any 2 for €12.50 Clubcard Price - Selected Tesco Meals Made Easy Products 1kg,€7.00/kg,https://www.tesco.ie/groceries/en-IE/products/312083579,https://digitalcontent.api.tesco.com/v2/media/ghs/b9256a45-ab3d-498e-afb7-54fa640bfce5/5a25d729-1486-43f7-abf7-6fb6cac9edf1_1007417074.jpeg?h=225&w=225
Tesco Meals Made Easy Loaded Chilli Beef Wedges 1Kg,€7.00,Any 2 for €12.50 Clubcard Price - Selected Tesco Meals Made Easy Products 1kg,€7.00/kg,https://www.tesco.ie/groceries/en-IE/products/311684365,https://digitalcontent.api.tesco.com/v2/media/ghs/6d281acf-7477-4a29-b25f-3a7a64298995/9b003b5a-79aa-4d3f-bd2a-b7386651c491_1618665960.jpeg?h=225&w=225
Fit Foods 4 High Prtn Beef Burgers 500G,€6.00,Any 2 for €10 Clubcard Price - Selected Crafty Chef Or Fit Foods Or Keohane Ready To Cook,€12.00/kg,https://www.tesco.ie/groceries/en-IE/products/314590649,https://digitalcontent.api.tesco.com/v2/media/ghs/0c66e074-12b0-4396-9650-7d4c197ce15e/94b58aff-9286-4a2b-8c52-c5ff8f96be97_1933154309.jpeg?h=225&w=225
Avonmore Fresh Mushroom Soup 400G,€2.49,€2.00 Clubcard Price,€6.22/kg,https://www.tesco.ie/groceries/en-IE/products/273981981,https://digitalcontent.api.tesco.com/v2/media/ghs/4ff7d01c-2f6a-4634-b7fc-7f61011a0585/6ce4815a-8f55-455e-a6fc-85270c512c78_2082289498.jpeg?h=225&w=225
Tesco Cheese Sauce 350G,€2.00,Any 3 for 2 Clubcard Price - Cheapest Product Free - Selected Tesco Garlic & Cheese Breads Or Fresh Pasta Or Fresh Pasta Sauces,€5.71/kg,https://www.tesco.ie/groceries/en-IE/products/251328286,https://digitalcontent.api.tesco.com/v2/media/ghs/1d574f37-ae5f-4a9c-9ed3-b688e2f12656/b9b92b81-5028-408b-9337-ea160ed88ed0.jpeg?h=225&w=225
Tesco Finest Slow Cooked Beef Ragu Ravioli 250G,€3.75,Any 2 for €6 Clubcard Price - Selected Tesco Finest* Pizza Pasta 250g,€15.00/kg,https://www.tesco.ie/groceries/en-IE/products/314581643,https://digitalcontent.api.tesco.com/v2/media/ghs/d82a3e86-5652-4a80-944b-4e7c13c84572/8e91f62d-566b-4c66-8bca-9b57e663457d_785537215.jpeg?h=225&w=225
Gosh Sweet Potato Pakora With Red Pepper 171G,€3.00,€2.39 Clubcard Price,€17.54/kg,https://www.tesco.ie/groceries/en-IE/products/314427171,https://digitalcontent.api.tesco.com/v2/media/ghs/7850b1a8-1b86-45d9-8b79-663b8c491fd6/90d0780d-dc3f-460b-afd4-1f7608adcb11.jpeg?h=225&w=225
Tesco Meals Made Easy Vegetable Lasagne 1Kg,€7.00,Any 2 for €12.50 Clubcard Price - Selected Tesco Meals Made Easy Products 1kg,€7.00/kg,https://www.tesco.ie/groceries/en-IE/products/312575176,https://digitalcontent.api.tesco.com/v2/media/ghs/260b8a8e-7761-4716-8331-2c6a90131067/d86903c7-c482-4dc6-9c9d-30455b2acf6a_314891647.jpeg?h=225&w=225
Av Soup Fresh Low Fat Mditerranean Vegetable 400G,€2.49,€2.00 Clubcard Price,€6.22/kg,https://www.tesco.ie/groceries/en-IE/products/268616345,https://digitalcontent.api.tesco.com/v2/media/ghs/9a860e60-62de-4005-937e-e378f4722649/8844bcd2-761b-4609-ad4c-12f4cfe1a922_794843765.jpeg?h=225&w=225
Gosh 6 Veggie Sausages 240G,€3.45,€2.39 Clubcard Price,€14.38/kg,https://www.tesco.ie/groceries/en-IE/products/313847660,https://digitalcontent.api.tesco.com/v2/media/ghs/cdcf37dc-fc95-445a-b2e5-e94a5c9918b5/68840465-cb34-4aff-ac3f-3a4ee753a28a_1106963382.jpeg?h=225&w=225
Rustlers Chicken Sandwich 150G,€2.50,€2.00 Clubcard Price,€16.67/kg,https://www.tesco.ie/groceries/en-IE/products/255956866,https://digitalcontent.api.tesco.com/v2/media/ghs/a9fb97df-2f50-479d-a39e-7c736af98bf7/3f1e3d01-19a2-4ed4-9785-1832095a0314_919336747.jpeg?h=225&w=225
Rustlers Hot Dog 146G,€1.95,€1.75 Clubcard Price,€13.36/kg,https://www.tesco.ie/groceries/en-IE/products/253141802,https://digitalcontent.api.tesco.com/v2/media/ghs/d2802769-a61e-41aa-a163-8aabd804e490/3f4c7142-5801-415a-88cb-111f21875c7d_1398756653.jpeg?h=225&w=225
Tesco Finest Four Cheese Bread With Pangratatto 245G,€3.00,Meal Deal for €12.50 Clubcard Price - Buy Any 2 Finest Pizza & 2 Finest Sides Or Drinks,€12.24/kg,https://www.tesco.ie/groceries/en-IE/products/313365204,https://digitalcontent.api.tesco.com/v2/media/ghs/318fd394-ca89-4371-85df-ae931132defd/c71ce401-5d91-47e7-91d0-58394db6384a.jpeg?h=225&w=225
"Carroll""S Vegetarian Lasaagne 400G",€4.69,€3.69 Clubcard Price,€11.72/kg,https://www.tesco.ie/groceries/en-IE/products/304778150,https://digitalcontent.api.tesco.com/v2/media/ghs/92ca95dd-d432-42ed-a104-8f42f8df6da9/snapshotimagehandler_1128121148.jpeg?h=225&w=225
Tesco Finest Spianata & Hot Honey Wood Fired Pizza 465g,€5.50,Meal Deal for €12.50 Clubcard Price - Buy Any 2 Finest Pizza & 2 Finest Sides Or Drinks,€11.83/kg,https://www.tesco.ie/groceries/en-IE/products/315574132,https://digitalcontent.api.tesco.com/v2/media/ghs/b960d77c-8fe0-431d-9f98-f6aabfb5cf54/51473115-7e37-4ba6-b3f9-c63646c59c9a_371974068.jpeg?h=225&w=225
Gosh Spinach And Pinenut Bites 171G,€3.45,€2.39 Clubcard Price,€20.18/kg,https://www.tesco.ie/groceries/en-IE/products/313735207,https://digitalcontent.api.tesco.com/v2/media/ghs/3112450e-ef78-4e11-90d1-38522e665286/03fecd7a-7677-4903-9c8f-d83957f3fc26_787136212.jpeg?h=225&w=225
Cauldron Hoisin Tofu Pieces 160G,€3.30,€2.47 Clubcard Price,€20.62/kg,https://www.tesco.ie/groceries/en-IE/products/311422866,https://digitalcontent.api.tesco.com/v2/media/ghs/c64f3500-2c6d-4e86-8dea-cdd667308d4f/a6a85e36-1fc0-4282-8b7f-d2eada03817b_986180581.jpeg?h=225&w=225
La Famiglia Rana Prosciutto & Mozzarella Tortelloni 250G,€3.50,€2.80 Clubcard Price,€14.00/kg,https://www.tesco.ie/groceries/en-IE/products/314925791,https://digitalcontent.api.tesco.com/v2/media/ghs/aa526bb9-1ec9-47bc-b014-00bc6d720855/524772f3-e65b-4888-bdd4-b1aee22b8dfe_920471287.jpeg?h=225&w=225
Bol Creamy Coconut Turmeric Daal Power Pot 450G,€3.95,€2.95 Clubcard Price,€8.78/kg,https://www.tesco.ie/groceries/en-IE/products/309206774,https://digitalcontent.api.tesco.com/v2/media/ghs/63cb126e-d01e-479c-b8d2-c32d61d83097/b3e49371-1278-407f-915d-8ba2767d2240.jpeg?h=225&w=225
La Famiglia Rana Spinach & Mozzarella Filled Gnocchi 280G,€3.50,€2.80 Clubcard Price,€12.50/kg,https://www.tesco.ie/groceries/en-IE/products/315077997,https://digitalcontent.api.tesco.com/v2/media/ghs/6b016296-c7fa-4124-8a24-2c9abcf6ce8b/e6d9556a-c652-4adc-8512-2d712808a369_876120788.jpeg?h=225&w=225
"Av Soup Smooth Vg With Cream Frche ,Grdn Herbs 400G",€2.49,€2.00 Clubcard Price,€6.22/kg,https://www.tesco.ie/groceries/en-IE/products/280318542,https://digitalcontent.api.tesco.com/v2/media/ghs/7f1f49ad-2295-428e-8d63-623993ac02ce/a11b57ca-158e-4c42-a683-5f91da6599c9_194846861.jpeg?h=225&w=225
Bol Middle Eastern Harissa Stew Pot 450G,€3.95,€2.95 Clubcard Price,€8.78/kg,https://www.tesco.ie/groceries/en-IE/products/315053501,https://digitalcontent.api.tesco.com/v2/media/ghs/c03724a1-4081-452d-9df4-ba568127656b/fa58b8cb-1e4a-44cb-80a9-21dedf23bd9b.jpeg?h=225&w=225
Gosh Beetroot Falafel With Red Pepper And Chli 171G,€3.45,€2.39 Clubcard Price,€20.18/kg,https://www.tesco.ie/groceries/en-IE/products/314586880,https://digitalcontent.api.tesco.com/v2/media/ghs/079aacea-4506-4712-a911-ff41c7ac5552/de26e0e3-0d72-4077-a28d-9ba1f0f8e40c_535556911.jpeg?h=225&w=225
Sons Of Butchers Southern Fried Trick 'N Goujons 200G,€4.00,€3.19 Clubcard Price,€20.00/kg,https://www.tesco.ie/groceries/en-IE/products/311276670,https://digitalcontent.api.tesco.com/v2/media/ghs/7e3837dd-a9fa-44fe-848f-e9c896e07071/4815891d-2d53-4e80-ab14-8b98103c5c61_1671866287.jpeg?h=225&w=225
Sons Of Butchers Bluff Strips 160G,€3.99,€3.19 Clubcard Price,€24.94/kg,https://www.tesco.ie/groceries/en-IE/products/314686151,https://digitalcontent.api.tesco.com/v2/media/ghs/00c1a233-0275-457c-afe6-b721722f176f/3df311cd-f812-4766-9271-c1c7f9fd17d1_783992099.jpeg?h=225&w=225
Bol Spanish Smoky Butter Bean Stew Power Pot 450G,€3.95,€2.95 Clubcard Price,€8.78/kg,https://www.tesco.ie/groceries/en-IE/products/309209569,https://digitalcontent.api.tesco.com/v2/media/ghs/51ce4fd2-4b68-4788-acf9-5deb20bbca44/17f2a32b-8c59-4f8f-a199-2c347cd9259f.jpeg?h=225&w=225
Tesco Finest Fennel Sausage Ragu 250g,€3.85,Any 2 for €6 Clubcard Price - Selected Tesco Finest* Pizza Pasta 250g,€15.40/kg,https://www.tesco.ie/groceries/en-IE/products/314689666,https://digitalcontent.api.tesco.com/v2/media/ghs/a2adb463-17b6-4e7d-bd39-279d7e8b6d85/fe933774-1c62-4979-a035-eecd20352671.jpeg?h=225&w=225
Tesco Finest Mushroom & Madeira Sauce 250G,€3.85,Any 2 for €6 Clubcard Price - Selected Tesco Finest* Pizza Pasta 250g,€15.40/kg,https://www.tesco.ie/groceries/en-IE/products/314703570,https://digitalcontent.api.tesco.com/v2/media/ghs/a7f2a3ac-cff3-4889-838d-32fc4d219605/7af063a5-c694-4ae5-af0b-e0df881194bf.jpeg?h=225&w=225
Tesco Finest Parmesan & Mascarpone Sauce 250g,€3.85,Any 2 for €6 Clubcard Price - Selected Tesco Finest* Pizza Pasta 250g,€15.40/kg,https://www.tesco.ie/groceries/en-IE/products/314695157,https://digitalcontent.api.tesco.com/v2/media/ghs/fa60d351-e7e0-48ed-b661-e52946a0a6e8/792b2b30-8a7a-47e3-beca-e06f6622da14.jpeg?h=225&w=225
The Crafty Chef Salt And Pepper Carrot And Parsnips 360G,€3.00,Any 2 for €5 Clubcard Price - Selected The Crafty Chef Ready To Cook Meat,€8.33/kg,https://www.tesco.ie/groceries/en-IE/products/314590275,https://digitalcontent.api.tesco.com/v2/media/ghs/c19c4cd2-b843-4da5-91ce-10d5f266f600/45aee5eb-551f-4b66-9ab4-602388451ea8_1558413790.jpeg?h=225&w=225
Donnelly Fresh Creamy Chicken And Bacon Pasta Pot 300G,€2.99,€2.50 Clubcard Price,€9.97/kg,https://www.tesco.ie/groceries/en-IE/products/315339538,https://digitalcontent.api.tesco.com/v2/media/ghs/f309ae66-4340-4ce9-88c8-1b4e52eb787e/f8436420-980b-4377-9768-78876fb27fbd_1811038291.jpeg?h=225&w=225
Rustlers Meatless Maverik Classic Burger 196G,€3.50,€2.25 Clubcard Price,€17.86/kg,https://www.tesco.ie/groceries/en-IE/products/310668830,https://digitalcontent.api.tesco.com/v2/media/ghs/d4308cd2-e5fb-44e9-b713-2f01332e2e35/2e963295-6822-4fef-aff0-fbf3ebe90907.jpeg?h=225&w=225
Bol Indian Black Daal One Pot Meal 450G,€3.95,€2.95 Clubcard Price,€8.78/kg,https://www.tesco.ie/groceries/en-IE/products/313860614,https://digitalcontent.api.tesco.com/v2/media/ghs/4f54dd72-3ad0-4612-b29c-18bf7af9e78c/e17576dc-1b06-4c11-8575-b9e7e553653c.jpeg?h=225&w=225
Donnelly Fresh Caesa And Bacon Pasta Pot 300G,€2.99,€2.50 Clubcard Price,€9.97/kg,https://www.tesco.ie/groceries/en-IE/products/315450359,https://digitalcontent.api.tesco.com/v2/media/ghs/9e677f11-51f5-43af-9391-5323437742d8/246bfded-b9a1-4824-a39e-0cb5eba71888_1630627662.jpeg?h=225&w=225
