Title,Price,Promotional Price,Price Per,Product URL,Image URL
Tesco Finest Potato Gratin 400G,€3.50,,€8.75/kg,https://www.tesco.ie/groceries/en-IE/products/309496734,https://digitalcontent.api.tesco.com/v2/media/ghs/6666c821-2036-4381-bb7a-b3cc6de7f5de/84637d69-3033-4093-b002-424193b769ca_1338511496.jpeg?h=225&w=225
Tesco Meals Made Easy Beef Lasagne 1Kg,€7.00,Any 2 for €12.50 Clubcard Price - Selected Tesco Meals Made Easy Products 1kg,€7.00/kg,https://www.tesco.ie/groceries/en-IE/products/300771048,https://digitalcontent.api.tesco.com/v2/media/ghs/1f48a77f-ad8c-4048-b17c-3f17d5a586ec/2d4c09e6-cd00-4b45-b6b5-9b9da8a4aa01_544670138.jpeg?h=225&w=225
Tesco Meals Made Easy Cottage Pie 1Kg,€7.00,Any 2 for €12.50 Clubcard Price - Selected Tesco Meals Made Easy Products 1kg,€7.00/kg,https://www.tesco.ie/groceries/en-IE/products/300770929,https://digitalcontent.api.tesco.com/v2/media/ghs/3019ac38-bb75-4033-aba9-66e953c3a2e2/5c11034e-2dbb-4c93-bfc4-5e0f683e4369_333556729.jpeg?h=225&w=225
Tesco Finest Creamy Mashed Potato 400G,€3.50,,€8.75/kg,https://www.tesco.ie/groceries/en-IE/products/309472083,https://digitalcontent.api.tesco.com/v2/media/ghs/3889a771-3a69-4663-a8b3-6bfd9a8f942f/e7b4f411-93c5-4eb2-ad0e-4adaf2b23bc6_1664219217.jpeg?h=225&w=225
Fit Foods Chicken Curry With Brown Rice 400G,€4.50,Any 2 for €8.50 Clubcard Price - Selected Fit Foods Ready Meals 400g,€11.25/kg,https://www.tesco.ie/groceries/en-IE/products/313753943,https://digitalcontent.api.tesco.com/v2/media/ghs/9ca78212-715c-41a3-96cd-e53d87df48ae/8ef2dde3-16e1-440a-ab04-3a0225fda6a5_1817924468.jpeg?h=225&w=225
Fit Foods Wholemeal Pasta Minced Beef And Vegetable Sauce 400G,€4.50,Any 2 for €8.50 Clubcard Price - Selected Fit Foods Ready Meals 400g,€11.25/kg,https://www.tesco.ie/groceries/en-IE/products/313605117,https://digitalcontent.api.tesco.com/v2/media/ghs/b2cdcc09-d9c4-4398-bc6d-9b8cfd2b08c4/3423080b-5aa3-4f9e-9179-c99244ce1e7f_1357257636.jpeg?h=225&w=225
Meals Made Easy Chicken And Broccoli Potato Bake 1Kg,€7.00,Any 2 for €12.50 Clubcard Price - Selected Tesco Meals Made Easy Products 1kg,€7.00/kg,https://www.tesco.ie/groceries/en-IE/products/312587467,https://digitalcontent.api.tesco.com/v2/media/ghs/015bcfb0-2b5b-49e2-8d0b-0e3f1152ef18/f8ba4c11-9596-4698-a24b-7e83d8d42f0d_691955318.jpeg?h=225&w=225
Fit Foods Thai Red Chicken Curry And Brown Rice 400G,€4.50,Any 2 for €8.50 Clubcard Price - Selected Fit Foods Ready Meals 400g,€11.25/kg,https://www.tesco.ie/groceries/en-IE/products/313743949,https://digitalcontent.api.tesco.com/v2/media/ghs/35df9440-7d53-4501-b8e4-6d268ec6a488/84bef880-2d86-4f64-9016-762d77275d94_1022292011.jpeg?h=225&w=225
Brady Family Glazed Ham 80G,€2.99,€2.50 Clubcard Price,€37.38/kg,https://www.tesco.ie/groceries/en-IE/products/312340477,https://digitalcontent.api.tesco.com/v2/media/ghs/3df3c982-680c-4435-b6f1-b6f0a495abf3/3543cb5c-e93d-4faf-b9f4-d7babd0b664b_1098798424.jpeg?h=225&w=225
Fit Foods Chicken Chicken Korma With Brown Rice 400G,€4.50,Any 2 for €8.50 Clubcard Price - Selected Fit Foods Ready Meals 400g,€11.25/kg,https://www.tesco.ie/groceries/en-IE/products/313737531,https://digitalcontent.api.tesco.com/v2/media/ghs/8906bc9f-eb3f-4fd1-9f64-0c1d494a16e8/9344d2c7-87c3-4f81-b840-5e4bf9393e78_664705914.jpeg?h=225&w=225
Tesco Meals Made Easy Chicken Pasta Bake 1Kg,€7.00,Any 2 for €12.50 Clubcard Price - Selected Tesco Meals Made Easy Products 1kg,€7.00/kg,https://www.tesco.ie/groceries/en-IE/products/300808208,https://digitalcontent.api.tesco.com/v2/media/ghs/24a0955d-a920-4699-94d1-ab5b043a3879/eb8833cb-8f6e-4e2c-af59-b66ca7200539_560352501.jpeg?h=225&w=225
The Craft Chef Potato Gratin And Irish Chedder 400G,€3.00,Any 2 for €5 Clubcard Price - Selected The Crafty Chef Ready To Cook Meat,€7.50/kg,https://www.tesco.ie/groceries/en-IE/products/314585837,https://digitalcontent.api.tesco.com/v2/media/ghs/8879f2b6-a3a9-432c-9ea0-56b116d0b2cf/392d7518-3e4a-4869-b8cc-a72bde942eec_2433044.jpeg?h=225&w=225
Gosh Mediterranean Falafel 171G,€3.00,€2.39 Clubcard Price,€17.54/kg,https://www.tesco.ie/groceries/en-IE/products/314118116,https://digitalcontent.api.tesco.com/v2/media/ghs/e1b42976-532a-422b-84a9-9c859f3a1f43/47925414-6ead-4c93-aadd-e4a1c9fc3216.jpeg?h=225&w=225
Fit Foods Chicken Pasta 400G,€4.50,Any 2 for €8.50 Clubcard Price - Selected Fit Foods Ready Meals 400g,€11.25/kg,https://www.tesco.ie/groceries/en-IE/products/314578170,https://digitalcontent.api.tesco.com/v2/media/ghs/43d0375e-d24d-460a-b9c8-0bf048a570db/08b0b6da-28d4-4cfa-95c4-a5549d63d3e7_1080133550.jpeg?h=225&w=225
Fit Foods Chicken And Chorizo With Baby Potatoes 400G,€4.50,Any 2 for €8.50 Clubcard Price - Selected Fit Foods Ready Meals 400g,€11.25/kg,https://www.tesco.ie/groceries/en-IE/products/313502982,https://digitalcontent.api.tesco.com/v2/media/ghs/75b2d2b7-01ef-480c-8394-7f71fcc1afa9/dc0e7409-c60f-484a-956f-7211fea35ee8_949767010.jpeg?h=225&w=225
Tesco Finest Three Cheese Cauliflower Bake 400G,€3.50,,€0.01/kg,https://www.tesco.ie/groceries/en-IE/products/310134264,https://digitalcontent.api.tesco.com/v2/media/ghs/7f1b9de3-4947-4ff0-bbaa-a03bb93db137/14f9c86d-3a9c-4b57-acab-9a32ccdf72e8_174169701.jpeg?h=225&w=225
Tesco Mashed Potato 400G,€2.30,,€5.75/kg,https://www.tesco.ie/groceries/en-IE/products/311804553,https://digitalcontent.api.tesco.com/v2/media/ghs/abc34978-3eb7-4b15-a1f0-48ec0715a09f/3cba9532-9a6a-4df0-965c-43fb594176b1_454406783.jpeg?h=225&w=225
Tesco Meals Made Easy Chicken Curry 1Kg,€7.00,Any 2 for €12.50 Clubcard Price - Selected Tesco Meals Made Easy Products 1kg,€7.00/kg,https://www.tesco.ie/groceries/en-IE/products/300807958,https://digitalcontent.api.tesco.com/v2/media/ghs/641d7ad3-1d31-4978-8af7-c797bd749b46/5b7be548-c732-42af-9915-0844cddd3319_841846244.jpeg?h=225&w=225
Fit Foods M/Bls With Wholemeal Pasta 400G,€4.50,Any 2 for €8.50 Clubcard Price - Selected Fit Foods Ready Meals 400g,€11.25/kg,https://www.tesco.ie/groceries/en-IE/products/313741174,https://digitalcontent.api.tesco.com/v2/media/ghs/e1010b66-cb3e-416a-ba45-9ecb7e52e0f8/d3640c5b-3203-4dde-b3d5-dc9dbde8521d_1281251867.jpeg?h=225&w=225
Fit Foods Swt/Ch Chicken And Whole Wheat Noodles 400G,€4.50,Any 2 for €8.50 Clubcard Price - Selected Fit Foods Ready Meals 400g,€11.25/kg,https://www.tesco.ie/groceries/en-IE/products/313749767,https://digitalcontent.api.tesco.com/v2/media/ghs/ecad3eae-f73e-423c-80bf-0f9ccf58a6ef/4ebb9a1b-be4b-4c00-9c49-67b352b09e6b_1249690359.jpeg?h=225&w=225
Tesco Finest Goose Fat Irish Potatoes 450G,€3.50,,€7.78/kg,https://www.tesco.ie/groceries/en-IE/products/310146857,https://digitalcontent.api.tesco.com/v2/media/ghs/929ad889-9930-4a31-9fc5-960177503d23/84330f1a-0ee9-4808-b11c-260730c00a26_1934972442.jpeg?h=225&w=225
Tesco Meals Made Easy Beef Casserole 1Kg,€7.00,Any 2 for €12.50 Clubcard Price - Selected Tesco Meals Made Easy Products 1kg,€7.00/kg,https://www.tesco.ie/groceries/en-IE/products/300770239,https://digitalcontent.api.tesco.com/v2/media/ghs/25c529a4-1fa3-43f5-aff2-bdb59fdfd280/3c247b74-57ce-45c2-a828-8ddb952110b7_1867476146.jpeg?h=225&w=225
Tesco Meals Made Easy Beef Meatball Pasta Bake 1Kg,€7.00,Any 2 for €12.50 Clubcard Price - Selected Tesco Meals Made Easy Products 1kg,€7.00/kg,https://www.tesco.ie/groceries/en-IE/products/302037512,https://digitalcontent.api.tesco.com/v2/media/ghs/9a2d6780-0041-4f9d-8125-cd8d366c9867/3d22e790-4c06-4af1-98a7-a047c4286257_297382724.jpeg?h=225&w=225
Mash Direct Mashed Potato For One 200G,€1.29,,€6.45/kg,https://www.tesco.ie/groceries/en-IE/products/284215317,https://digitalcontent.api.tesco.com/v2/media/ghs/e3713ff8-0e54-48c6-ab8f-15032091fa84/50d671f3-7198-43a3-abee-3d87a2d479ae.jpeg?h=225&w=225
Fit Foods Taco Fries 400G,€4.50,Any 2 for €8.50 Clubcard Price - Selected Fit Foods Ready Meals 400g,€11.25/kg,https://www.tesco.ie/groceries/en-IE/products/314121181,https://digitalcontent.api.tesco.com/v2/media/ghs/31cda5b3-d1f9-45e3-abdd-9da80a243c74/7d8209f3-6d7e-4abc-9f42-86c15c66886a_1961002952.jpeg?h=225&w=225
Meals Made Easy Mac And Cheese With Smoked Ham 1Kg,€7.00,Any 2 for €12.50 Clubcard Price - Selected Tesco Meals Made Easy Products 1kg,€7.00/kg,https://www.tesco.ie/groceries/en-IE/products/306952424,https://digitalcontent.api.tesco.com/v2/media/ghs/2bac8f17-f60f-4813-9242-3bfd6c6cfeb3/cce46205-2da0-4045-8261-bff74f5ea34e_1441427868.jpeg?h=225&w=225
Tesco Cauliflower Cheese 400G,€2.30,,€5.75/kg,https://www.tesco.ie/groceries/en-IE/products/311675791,https://digitalcontent.api.tesco.com/v2/media/ghs/807ec901-4b69-4408-a1ff-c550a33b5655/9d4f97a3-cfa6-4aa1-bd2a-c00c466d5e80_262501024.jpeg?h=225&w=225
Tesco Meals Made Easy Chicken And Chorizo Pasta Bake 1Kg,€7.00,Any 2 for €12.50 Clubcard Price - Selected Tesco Meals Made Easy Products 1kg,€7.00/kg,https://www.tesco.ie/groceries/en-IE/products/312587277,https://digitalcontent.api.tesco.com/v2/media/ghs/210804f6-f4c9-4e6a-9f87-55a0e7fd9833/1a796b70-0cca-43a0-950e-f43ba504a69d_978746902.jpeg?h=225&w=225
Gosh Moroccan Spiced Falafel 171G,€3.45,€2.39 Clubcard Price,€20.18/kg,https://www.tesco.ie/groceries/en-IE/products/314324655,https://digitalcontent.api.tesco.com/v2/media/ghs/d287333c-a263-4240-b530-08721a4f5920/ad0d72aa-0caa-414b-baac-f0a456ed83b1.jpeg?h=225&w=225
Tesco Mashed Carrot And Parsnip 400G,€2.30,,€5.75/kg,https://www.tesco.ie/groceries/en-IE/products/311679556,https://digitalcontent.api.tesco.com/v2/media/ghs/a061a58d-8c69-475a-8eb4-d822d940d91c/5b94183d-ddd5-4721-938b-40462127bd47_658180130.jpeg?h=225&w=225
Tesco Finest Cottage Pie 400G,€5.50,,€13.75/kg,https://www.tesco.ie/groceries/en-IE/products/309484322,https://digitalcontent.api.tesco.com/v2/media/ghs/e1ef5d0e-0726-4076-a6f9-7a70e1a55fde/5dc95e66-2fe4-4394-abf2-61205f26fb04_2041546330.jpeg?h=225&w=225
Tesco Finest Spaghetti Bolognese 400G,€5.50,,€13.75/kg,https://www.tesco.ie/groceries/en-IE/products/309479571,https://digitalcontent.api.tesco.com/v2/media/ghs/9d6d05d7-958e-486a-b8e7-61504e7ebc15/0181d0e1-7cc1-4bbf-b59a-d2418227d3fe_948546714.jpeg?h=225&w=225
Tesco Green Cabbage 300G,€2.30,,€7.67/kg,https://www.tesco.ie/groceries/en-IE/products/311801717,https://digitalcontent.api.tesco.com/v2/media/ghs/b66347a2-8634-4ea8-b94a-cf33c4b09024/6db17127-352b-4551-b5c5-872ecb416d84_1447773488.jpeg?h=225&w=225
Tesco Finest Spaghetti Carbonara 400G,€5.50,,€13.75/kg,https://www.tesco.ie/groceries/en-IE/products/309489294,https://digitalcontent.api.tesco.com/v2/media/ghs/c019116e-6121-4b52-a84e-b14c81308e78/d70833ee-aec2-44b6-aa61-981a6b759847_1573977555.jpeg?h=225&w=225
Tesco Finest Mac And Triple Cheese 400G,€5.50,,€13.75/kg,https://www.tesco.ie/groceries/en-IE/products/309489386,https://digitalcontent.api.tesco.com/v2/media/ghs/aeb3d5c2-720f-4b31-b405-f45773c8ee9a/d89316d1-ad0f-4bae-b194-e3946ed4541e_336909876.jpeg?h=225&w=225
Tesco Finest Chicken Tikka Masala And Pilau Rice 450G,€5.50,,€12.22/kg,https://www.tesco.ie/groceries/en-IE/products/310108307,https://digitalcontent.api.tesco.com/v2/media/ghs/4dfbd39e-f3a4-4eed-8ae5-7d283b2e0919/f80e2be2-925f-43c9-b0ad-a9a50574c872_46229587.jpeg?h=225&w=225
Tesco Irish Classics Beef Stew Dinner500g,€4.25,,€8.50/kg,https://www.tesco.ie/groceries/en-IE/products/294513894,https://digitalcontent.api.tesco.com/v2/media/ghs/3995fb5d-41c4-4f3d-afdb-5cba2fe81853/snapshotimagehandler_1807026507.jpeg?h=225&w=225
Tesco Finest Beef Lasagne 400G,€5.50,,€13.75/kg,https://www.tesco.ie/groceries/en-IE/products/309482140,https://digitalcontent.api.tesco.com/v2/media/ghs/a2c085bf-2e20-4f9b-9186-c82719f606ed/7caa8c44-0055-4e99-9d7b-7bd4c456fa06_1996075135.jpeg?h=225&w=225
"T, Sweet & Sour Chicken & Egg Fried Rice 400G",€3.95,,€9.88/kg,https://www.tesco.ie/groceries/en-IE/products/310693102,https://digitalcontent.api.tesco.com/v2/media/ghs/99632481-d728-4918-8594-ee2dce1f4c00/c935cd73-52e1-465a-ad46-6df9a62eaa1f.jpeg?h=225&w=225
Tesco Meals Made Easy Potato Gratin 800G,€4.50,,€5.62/kg,https://www.tesco.ie/groceries/en-IE/products/300808738,https://digitalcontent.api.tesco.com/v2/media/ghs/c7e7b3b6-5304-499d-bd1a-579fc4a1d5f5/5320eecf-2411-4b91-9e4d-b80409d5a550_525079155.jpeg?h=225&w=225
Tesco Finest Creamy Mushroom And Madeira Soup 400G,€2.00,,€5.00/kg,https://www.tesco.ie/groceries/en-IE/products/312351130,https://digitalcontent.api.tesco.com/v2/media/ghs/8941229f-178b-417f-b26c-dd4837337e4f/5bb3ba0f-4221-410a-87e9-586deb5a787e_303690806.jpeg?h=225&w=225
The Crafty Chef Garlic And Herb Baby Potatoes 400G,€3.00,Any 2 for €5 Clubcard Price - Selected The Crafty Chef Ready To Cook Meat,€7.50/kg,https://www.tesco.ie/groceries/en-IE/products/314838787,https://digitalcontent.api.tesco.com/v2/media/ghs/9111ad10-9ec2-4ff4-a521-37ba1df479cc/afa2f211-e3cb-44a3-8e21-25c3a898b939_29104298.jpeg?h=225&w=225
Tesco Meals Made Easy Chicken Casserole 1Kg,€7.00,Any 2 for €12.50 Clubcard Price - Selected Tesco Meals Made Easy Products 1kg,€7.00/kg,https://www.tesco.ie/groceries/en-IE/products/312083579,https://digitalcontent.api.tesco.com/v2/media/ghs/b9256a45-ab3d-498e-afb7-54fa640bfce5/5a25d729-1486-43f7-abf7-6fb6cac9edf1_1007417074.jpeg?h=225&w=225
Tesco Meals Made Easy Loaded Chilli Beef Wedges 1Kg,€7.00,Any 2 for €12.50 Clubcard Price - Selected Tesco Meals Made Easy Products 1kg,€7.00/kg,https://www.tesco.ie/groceries/en-IE/products/311684365,https://digitalcontent.api.tesco.com/v2/media/ghs/6d281acf-7477-4a29-b25f-3a7a64298995/9b003b5a-79aa-4d3f-bd2a-b7386651c491_1618665960.jpeg?h=225&w=225
Fit Foods 4 High Prtn Beef Burgers 500G,€6.00,Any 2 for €10 Clubcard Price - Selected Crafty Chef Or Fit Foods Or Keohane Ready To Cook,€12.00/kg,https://www.tesco.ie/groceries/en-IE/products/314590649,https://digitalcontent.api.tesco.com/v2/media/ghs/0c66e074-12b0-4396-9650-7d4c197ce15e/94b58aff-9286-4a2b-8c52-c5ff8f96be97_1933154309.jpeg?h=225&w=225
Tesco Finest Beef Bourguignon And Mash 450G,€5.50,,€12.22/kg,https://www.tesco.ie/groceries/en-IE/products/309474616,https://digitalcontent.api.tesco.com/v2/media/ghs/770b51dd-9a7a-4815-b5a7-609106b98bf2/e50be757-3de5-4434-b602-52f8b8a5fe7e_361791110.jpeg?h=225&w=225
Tesco Macaroni Cheese 400G,€3.95,,€9.88/kg,https://www.tesco.ie/groceries/en-IE/products/310167622,https://digitalcontent.api.tesco.com/v2/media/ghs/94faa2d5-7733-4aa3-8c45-372f2c6ee443/39b88bfe-ef45-412f-b427-0fade136fad2.jpeg?h=225&w=225
Tesco Finest Beef Lasagne 800G,€8.50,,€10.62/kg,https://www.tesco.ie/groceries/en-IE/products/310680238,https://digitalcontent.api.tesco.com/v2/media/ghs/0c5f6776-05dd-4c39-93f7-beccfbfd640e/79ce9273-4a92-4845-a473-bb3025ec5347_1556274133.jpeg?h=225&w=225
Gosh Sweet Potato Pakora With Red Pepper 171G,€3.00,€2.39 Clubcard Price,€17.54/kg,https://www.tesco.ie/groceries/en-IE/products/314427171,https://digitalcontent.api.tesco.com/v2/media/ghs/7850b1a8-1b86-45d9-8b79-663b8c491fd6/90d0780d-dc3f-460b-afd4-1f7608adcb11.jpeg?h=225&w=225
Tesco Meals Made Easy Mash Potato 1Kg,€4.10,,€4.10/kg,https://www.tesco.ie/groceries/en-IE/products/300808427,https://digitalcontent.api.tesco.com/v2/media/ghs/84e8e958-2ded-4cdf-9282-8661ce3fc148/e384ae4a-c67c-4c5c-afe4-d8651717a1e3_1025452770.jpeg?h=225&w=225
Mash Direct Beer Battered Onion Rings 200G,€2.49,,€12.45/kg,https://www.tesco.ie/groceries/en-IE/products/302011963,https://digitalcontent.api.tesco.com/v2/media/ghs/abe45857-2ae0-427e-9448-62abd255f990/276da94c-1704-43a3-afcc-6f5336258e62.jpeg?h=225&w=225
Tesco Meals Made Easy Vegetable Lasagne 1Kg,€7.00,Any 2 for €12.50 Clubcard Price - Selected Tesco Meals Made Easy Products 1kg,€7.00/kg,https://www.tesco.ie/groceries/en-IE/products/312575176,https://digitalcontent.api.tesco.com/v2/media/ghs/260b8a8e-7761-4716-8331-2c6a90131067/d86903c7-c482-4dc6-9c9d-30455b2acf6a_314891647.jpeg?h=225&w=225
Carrolls Tagliatelle Carbonara 400G,€4.69,,€11.72/kg,https://www.tesco.ie/groceries/en-IE/products/309208069,https://digitalcontent.api.tesco.com/v2/media/ghs/0670a99c-70dd-4923-87e1-7068333ecf35/f46d0a7f-e8d1-4f5e-923f-547f28db474f_155750640.jpeg?h=225&w=225
Gosh 6 Veggie Sausages 240G,€3.45,€2.39 Clubcard Price,€14.38/kg,https://www.tesco.ie/groceries/en-IE/products/313847660,https://digitalcontent.api.tesco.com/v2/media/ghs/cdcf37dc-fc95-445a-b2e5-e94a5c9918b5/68840465-cb34-4aff-ac3f-3a4ee753a28a_1106963382.jpeg?h=225&w=225
Tesco Irish Clsc Chicken Curry& Rice 500G,€4.25,,€8.50/kg,https://www.tesco.ie/groceries/en-IE/products/294514000,https://digitalcontent.api.tesco.com/v2/media/ghs/78415ec9-db6f-45d1-94cb-a7e625336b0d/snapshotimagehandler_1726351768.jpeg?h=225&w=225
Walls Honest Proper Chips 500G,€3.69,,€7.38/kg,https://www.tesco.ie/groceries/en-IE/products/311229715,https://digitalcontent.api.tesco.com/v2/media/ghs/cfd6d857-9c03-4584-8381-0041bb0e4f3d/f61be957-e381-4f46-8844-4292d3d08b21_114284146.jpeg?h=225&w=225
Tesco Finest Chicken Korma And Pilau Rice 450G,€5.50,,€12.22/kg,https://www.tesco.ie/groceries/en-IE/products/309774238,https://digitalcontent.api.tesco.com/v2/media/ghs/8b99fd70-39c7-42c6-baad-918acc421a76/98b0b060-4368-4b39-a4d8-127ac57aea81_1073499913.jpeg?h=225&w=225
Tesco Spaghetti Carbonara 400G,€3.75,,€9.38/kg,https://www.tesco.ie/groceries/en-IE/products/310670861,https://digitalcontent.api.tesco.com/v2/media/ghs/d683da7c-1b7f-40c4-9be0-a05ac4de8653/5c93a7bb-e4df-4f90-838b-9e42881cafdb.jpeg?h=225&w=225
Tesco Finest Cottage Pie 800G,€8.50,,€10.62/kg,https://www.tesco.ie/groceries/en-IE/products/310119254,https://digitalcontent.api.tesco.com/v2/media/ghs/38599281-cbb1-4557-bd8f-294e45c822c1/a90fdc37-051c-4368-9e13-d0af2ddf3aea_947252828.jpeg?h=225&w=225
Cully And Sully Chicken And Leek Risotto 400G,€3.49,,€8.72/kg,https://www.tesco.ie/groceries/en-IE/products/307750546,https://digitalcontent.api.tesco.com/v2/media/ghs/81401262-39e5-42e7-9c2b-01cf1a48bc65/ac582376-c730-4d4e-9fd0-98c9dd4adfac_1618975981.jpeg?h=225&w=225
Gosh Spinach And Pinenut Bites 171G,€3.45,€2.39 Clubcard Price,€20.18/kg,https://www.tesco.ie/groceries/en-IE/products/313735207,https://digitalcontent.api.tesco.com/v2/media/ghs/3112450e-ef78-4e11-90d1-38522e665286/03fecd7a-7677-4903-9c8f-d83957f3fc26_787136212.jpeg?h=225&w=225
Tesco Mashed Turnip 400G,€2.30,,€5.75/kg,https://www.tesco.ie/groceries/en-IE/products/311676542,https://digitalcontent.api.tesco.com/v2/media/ghs/12c4a534-80dc-4c89-8e4f-1d4c74fe27a0/af18d04c-aa68-49b1-b8ae-c973ebd80cfc_272823300.jpeg?h=225&w=225
Cauldron Hoisin Tofu Pieces 160G,€3.30,€2.47 Clubcard Price,€20.62/kg,https://www.tesco.ie/groceries/en-IE/products/311422866,https://digitalcontent.api.tesco.com/v2/media/ghs/c64f3500-2c6d-4e86-8dea-cdd667308d4f/a6a85e36-1fc0-4282-8b7f-d2eada03817b_986180581.jpeg?h=225&w=225
Purepower Massaman Chicken Curry And Rice 400G,€5.50,,€13.75/kg,https://www.tesco.ie/groceries/en-IE/products/312341159,https://digitalcontent.api.tesco.com/v2/media/ghs/ea4d559c-a905-42a0-b642-2b684bbb0be7/12e81386-5246-4799-8630-f363e82fe3db_461153559.jpeg?h=225&w=225
Tesco Finest Chicken And Chorizo Paella 475G,€5.50,,€11.58/kg,https://www.tesco.ie/groceries/en-IE/products/310186829,https://digitalcontent.api.tesco.com/v2/media/ghs/62681d51-656a-4237-a886-87d3844d9201/65c4d855-8f56-4fd3-bc80-d458a9976694_1197360701.jpeg?h=225&w=225
Carroll's Tagliatelle Bolognese 400G,€4.69,,€11.72/kg,https://www.tesco.ie/groceries/en-IE/products/286831051,https://digitalcontent.api.tesco.com/v2/media/ghs/f9381d89-87b4-409d-a790-53d41e98b7ca/501b687e-3c71-44b2-a40a-8ad97e7873b4_704302568.jpeg?h=225&w=225
Rudd's Plant Based Rashers 8 Slices 180G,€3.50,,€19.44/kg,https://www.tesco.ie/groceries/en-IE/products/311204407,https://digitalcontent.api.tesco.com/v2/media/ghs/0feee317-ee4d-4a4b-b022-10b993510112/3ba95256-ab5b-423e-ae1b-799f090a3420_381819078.jpeg?h=225&w=225
Bol Creamy Coconut Turmeric Daal Power Pot 450G,€3.95,€2.95 Clubcard Price,€8.78/kg,https://www.tesco.ie/groceries/en-IE/products/309206774,https://digitalcontent.api.tesco.com/v2/media/ghs/63cb126e-d01e-479c-b8d2-c32d61d83097/b3e49371-1278-407f-915d-8ba2767d2240.jpeg?h=225&w=225
Tesco Finest Triple Cooked Chips 400G,€3.50,,€8.75/kg,https://www.tesco.ie/groceries/en-IE/products/297660374,https://digitalcontent.api.tesco.com/v2/media/ghs/a812f23e-067c-4f8e-9edd-8ea3b29d8bfc/72304e9c-c4ad-4dd8-b8b5-bdb44ea6a3d2.jpeg?h=225&w=225
Purepower Loaded Taco Fries 400G,€5.50,,€13.75/kg,https://www.tesco.ie/groceries/en-IE/products/312578766,https://digitalcontent.api.tesco.com/v2/media/ghs/2e667569-9ebc-45e9-9e42-e88992a2c020/e1240aa1-7fc9-41cf-9e86-04ca0688ace4_706272355.jpeg?h=225&w=225
Carroll's Traditional Chip Shop Chicken Curry 420G,€4.69,,€11.17/kg,https://www.tesco.ie/groceries/en-IE/products/286831241,https://digitalcontent.api.tesco.com/v2/media/ghs/d5f5522d-fc4c-4657-82f1-3e3f81e083e5/5a067664-2986-49b6-b20e-2c80770b2c06_1196422765.jpeg?h=225&w=225
Purepower Steak With Baby Potato And Spinach 400G,€5.50,,€13.75/kg,https://www.tesco.ie/groceries/en-IE/products/312713820,https://digitalcontent.api.tesco.com/v2/media/ghs/35f627d7-e32d-4413-b2b0-0e86b8c4b2af/2e65a794-ab45-4452-8a6e-18797deb0ba7_2126496417.jpeg?h=225&w=225
Purepower Chicken Curry With Rice 400G,€5.50,,€13.75/kg,https://www.tesco.ie/groceries/en-IE/products/312699375,https://digitalcontent.api.tesco.com/v2/media/ghs/4891180e-aaa9-4abc-b28b-eb644b01247c/a023dc46-9855-4892-92cc-506526c06359_401558489.jpeg?h=225&w=225
Bol Middle Eastern Harissa Stew Pot 450G,€3.95,€2.95 Clubcard Price,€8.78/kg,https://www.tesco.ie/groceries/en-IE/products/315053501,https://digitalcontent.api.tesco.com/v2/media/ghs/c03724a1-4081-452d-9df4-ba568127656b/fa58b8cb-1e4a-44cb-80a9-21dedf23bd9b.jpeg?h=225&w=225
Tesco Beef Lasagne 750G,€5.25,,€7.00/kg,https://www.tesco.ie/groceries/en-IE/products/310659037,https://digitalcontent.api.tesco.com/v2/media/ghs/46d90857-7159-4bc4-abdd-420127034279/c46fdc6b-711d-496d-91c7-1f1877c9f79d.jpeg?h=225&w=225
Kinsale Bay Food Company Cottage Pie 400G,€5.49,,€13.72/kg,https://www.tesco.ie/groceries/en-IE/products/308083124,https://digitalcontent.api.tesco.com/v2/media/ghs/a364d0e8-7aa8-4c12-85ba-49a56699494f/592fe54a-5e9f-4adf-ac6b-ed1f7b9b464b_369019126.jpeg?h=225&w=225
Tesco Spaghetti Bolognese 400G,€3.95,,€9.88/kg,https://www.tesco.ie/groceries/en-IE/products/310690468,https://digitalcontent.api.tesco.com/v2/media/ghs/42665aa2-60fc-4a78-bb19-ae44793ff192/a52339dd-4772-45c4-836f-acfda8a82892.jpeg?h=225&w=225
Gosh Beetroot Falafel With Red Pepper And Chli 171G,€3.45,€2.39 Clubcard Price,€20.18/kg,https://www.tesco.ie/groceries/en-IE/products/314586880,https://digitalcontent.api.tesco.com/v2/media/ghs/079aacea-4506-4712-a911-ff41c7ac5552/de26e0e3-0d72-4077-a28d-9ba1f0f8e40c_535556911.jpeg?h=225&w=225
Sons Of Butchers Southern Fried Trick 'N Goujons 200G,€4.00,€3.19 Clubcard Price,€20.00/kg,https://www.tesco.ie/groceries/en-IE/products/311276670,https://digitalcontent.api.tesco.com/v2/media/ghs/7e3837dd-a9fa-44fe-848f-e9c896e07071/4815891d-2d53-4e80-ab14-8b98103c5c61_1671866287.jpeg?h=225&w=225
"Tesco Finest Chicken, Bacon And Leek Pie 800G",€8.50,,€10.62/kg,https://www.tesco.ie/groceries/en-IE/products/314943291,https://digitalcontent.api.tesco.com/v2/media/ghs/527f2691-1a21-4e2e-8574-81776594af43/fc8c653a-cfd3-4334-b374-09e82d7a5a8f_1230822894.jpeg?h=225&w=225
Sons Of Butchers Bluff Strips 160G,€3.99,€3.19 Clubcard Price,€24.94/kg,https://www.tesco.ie/groceries/en-IE/products/314686151,https://digitalcontent.api.tesco.com/v2/media/ghs/00c1a233-0275-457c-afe6-b721722f176f/3df311cd-f812-4766-9271-c1c7f9fd17d1_783992099.jpeg?h=225&w=225
Tesco Finest Beef And Black Bean Savoury Egg Rice 400G,€5.50,,€13.75/kg,https://www.tesco.ie/groceries/en-IE/products/314820315,https://digitalcontent.api.tesco.com/v2/media/ghs/56e665ea-9b9c-44b5-9cef-9185f80538b4/ee5f2c37-8ec6-474d-bf29-96fa09a70d8c_1653476941.jpeg?h=225&w=225
Carroll's Salmon Tagliatelle 400G,€4.69,,€11.72/kg,https://www.tesco.ie/groceries/en-IE/products/286830714,https://digitalcontent.api.tesco.com/v2/media/ghs/93421142-d7bc-4ea0-8d2f-4c15c516ef8f/f465c351-b985-453d-b8f3-07571a62824c_451269581.jpeg?h=225&w=225
"Fit Meals Cajan Chicken, Peppers And Noodles 450G",€5.50,,€12.22/kg,https://www.tesco.ie/groceries/en-IE/products/311954386,https://digitalcontent.api.tesco.com/v2/media/ghs/770ed76f-d8f1-4cc6-a3c4-bdf53328db85/5d254105-f920-4e17-b2ba-a67923b6ba32_1672679357.jpeg?h=225&w=225
Bol Spanish Smoky Butter Bean Stew Power Pot 450G,€3.95,€2.95 Clubcard Price,€8.78/kg,https://www.tesco.ie/groceries/en-IE/products/309209569,https://digitalcontent.api.tesco.com/v2/media/ghs/51ce4fd2-4b68-4788-acf9-5deb20bbca44/17f2a32b-8c59-4f8f-a199-2c347cd9259f.jpeg?h=225&w=225
Tesco Macaroni Cheese 750G,€5.25,,€7.00/kg,https://www.tesco.ie/groceries/en-IE/products/310699735,https://digitalcontent.api.tesco.com/v2/media/ghs/78ea595f-30b8-4a00-81a2-b106e39f7097/9b2dfa12-8310-45df-9b19-ed9d63c9055f.jpeg?h=225&w=225
Cully And Sully Mushroom Risotto 400G,€3.49,,€8.72/kg,https://www.tesco.ie/groceries/en-IE/products/307746539,https://digitalcontent.api.tesco.com/v2/media/ghs/0faedebb-f55f-40be-809e-bf802657721a/f87ef528-db5e-48fe-aa41-8be9f8b568c2_1412291605.jpeg?h=225&w=225
Purepower Pulled Chicken Fillet And Whole Wheat Pasta 400G,€5.50,,€13.75/kg,https://www.tesco.ie/groceries/en-IE/products/311790247,https://digitalcontent.api.tesco.com/v2/media/ghs/3ec66dec-fe40-4bd4-a6d9-b9b4c4fb4a4b/01d27a90-6c6a-4644-8830-33680bba7ce3_1325566199.jpeg?h=225&w=225
Thanks Plants 4 Frankfurter 280G,€3.49,,€12.46/kg,https://www.tesco.ie/groceries/en-IE/products/311684667,https://digitalcontent.api.tesco.com/v2/media/ghs/5c9a74d2-e012-4e12-a64c-1cd7c92f2b29/88dc0adb-3731-45e9-bb71-ac8f7981ed21_260697195.jpeg?h=225&w=225
Tesco Finest Mac And Triple Cheese 800G,€8.50,,€10.62/kg,https://www.tesco.ie/groceries/en-IE/products/315062997,https://digitalcontent.api.tesco.com/v2/media/ghs/4779eee7-bb4d-4a24-9ea3-080790e7d7db/216bb0ba-8b7c-43f8-8cda-b6c6c575f816_1845082111.jpeg?h=225&w=225
Tesco Finest Creamy Fish Pie 800G,€8.50,,€10.62/kg,https://www.tesco.ie/groceries/en-IE/products/315158752,https://digitalcontent.api.tesco.com/v2/media/ghs/ec36e503-0920-4b9f-b7fc-cca40d4b2bdb/ffa1deab-2d31-4394-8c53-ddc0aa5f4065_1086060422.jpeg?h=225&w=225
Tesco Chinese Style Chicken Curry With Egg Fried Rice 400G,€3.95,,€9.88/kg,https://www.tesco.ie/groceries/en-IE/products/310104899,https://digitalcontent.api.tesco.com/v2/media/ghs/8bf219bc-6cab-49fc-b8a7-dbe519ffc045/465122fe-44aa-458b-8c5f-d9087ddc935e.jpeg?h=225&w=225
Purepower Chicken Tikka Masala With Power Rice 400G,€5.50,,€13.75/kg,https://www.tesco.ie/groceries/en-IE/products/312718538,https://digitalcontent.api.tesco.com/v2/media/ghs/6b228e0b-6eac-44b8-9e40-b72e9ffc2fd5/0a693e6e-3b22-4afa-8a53-11a3a2afc556_461047996.jpeg?h=225&w=225
So Thai Thai Green Chicken Curry 450G,€4.99,,€11.09/kg,https://www.tesco.ie/groceries/en-IE/products/311944219,https://digitalcontent.api.tesco.com/v2/media/ghs/ddab9cc3-5bb6-42ba-b040-d1adda938ef2/13518e15-4712-4e45-812a-e127af0ab8ff_1876369713.jpeg?h=225&w=225
Tesco Beef Lasagne 400G,€3.95,,€9.88/kg,https://www.tesco.ie/groceries/en-IE/products/310130809,https://digitalcontent.api.tesco.com/v2/media/ghs/3b24832f-df91-47b2-b84e-3793788b771c/2a3bf703-9042-4a67-bd84-8c6c68b4f7e8.jpeg?h=225&w=225
Tesco Finest Irish Rooster P/Wdges Plnta Crumb 400G,€3.50,,€8.75/kg,https://www.tesco.ie/groceries/en-IE/products/314844575,https://digitalcontent.api.tesco.com/v2/media/ghs-mktg/b0b04216-fa73-466d-a9d7-c9fcfa1ce9b3/no-image.jpeg
Mccolgans Minced Beef And Onion Pie 190G,€1.99,,€10.47/kg,https://www.tesco.ie/groceries/en-IE/products/290113050,https://digitalcontent.api.tesco.com/v2/media/ghs/a659ee2d-86cb-42bb-9604-e2a7cc06730f/4d905024-89a1-4f34-8d5c-173ecf361fe6_1336811934.jpeg?h=225&w=225
Tesco Chicken & Black Bean With Egg Fried Rice 400G,€3.95,,€9.88/kg,https://www.tesco.ie/groceries/en-IE/products/310681796,https://digitalcontent.api.tesco.com/v2/media/ghs/aae961ff-c90e-4f18-b375-53837835e00c/dcd5f1e5-abcb-468d-8cfd-544540dff767.jpeg?h=225&w=225
The Crafty Chef Salt And Pepper Carrot And Parsnips 360G,€3.00,Any 2 for €5 Clubcard Price - Selected The Crafty Chef Ready To Cook Meat,€8.33/kg,https://www.tesco.ie/groceries/en-IE/products/314590275,https://digitalcontent.api.tesco.com/v2/media/ghs/c19c4cd2-b843-4da5-91ce-10d5f266f600/45aee5eb-551f-4b66-9ab4-602388451ea8_1558413790.jpeg?h=225&w=225
So Thai Thai Vegetable Coconut Curry And Rice 450G,€4.99,,€11.09/kg,https://www.tesco.ie/groceries/en-IE/products/311442787,https://digitalcontent.api.tesco.com/v2/media/ghs/e13e5a10-3f64-4624-9d38-670374600a62/d6a3f5c7-7e71-44b0-832d-b774cdd53965_2078934025.jpeg?h=225&w=225
Fit Meals Singapore Chicken Curry And Rice 450G,€5.50,,€12.22/kg,https://www.tesco.ie/groceries/en-IE/products/311948327,https://digitalcontent.api.tesco.com/v2/media/ghs/a444f553-1195-42d1-9330-124bbd73fc78/55b351ff-b456-4512-9c73-4795fecf1fea_1994154374.jpeg?h=225&w=225
Fitmeals Bologna Beef Ragu Wholemeal Pasta 450G,€5.50,,€12.22/kg,https://www.tesco.ie/groceries/en-IE/products/311798196,https://digitalcontent.api.tesco.com/v2/media/ghs/b56182d7-00dc-4853-a2be-efd069fe43b0/ffc58b02-567a-48d3-ad07-ca82822c8e7f_2042318782.jpeg?h=225&w=225
Carroll Cuisine Lasagne 350G Twin Pack,€6.99,,€9.99/kg,https://www.tesco.ie/groceries/en-IE/products/262921563,https://digitalcontent.api.tesco.com/v2/media/ghs/8fd59573-be78-4d1c-a258-4c1a8b29f0dd/snapshotimagehandler_232508257.jpeg?h=225&w=225
Thanks Plants Chipotle Salsa Sausages 300G,€3.85,,€12.83/kg,https://www.tesco.ie/groceries/en-IE/products/312721171,https://digitalcontent.api.tesco.com/v2/media/ghs/c4e21ddf-489d-46ae-a7c2-d300c6eb21f3/dcd8f50c-5a5f-4054-aa2d-1e0656941432_2097205025.jpeg?h=225&w=225
Sage Butter Milk Ranch 220G Price Marked,€3.99,,€18.14/kg,https://www.tesco.ie/groceries/en-IE/products/312717188,https://digitalcontent.api.tesco.com/v2/media/ghs-mktg/b0b04216-fa73-466d-a9d7-c9fcfa1ce9b3/no-image.jpeg
Tesco Chicken & Bacon Pasta Bake 750G,€5.00,,€6.67/kg,https://www.tesco.ie/groceries/en-IE/products/310118785,https://digitalcontent.api.tesco.com/v2/media/ghs/05618803-a8be-4aff-8227-8331ee7a0220/eb18acc9-d23f-4153-903b-83de65e70618.jpeg?h=225&w=225
Carroll's Penchick Arrabiata 400G,€4.69,,€11.72/kg,https://www.tesco.ie/groceries/en-IE/products/289037203,https://digitalcontent.api.tesco.com/v2/media/ghs/c3f3c24a-62c9-4f03-8e36-5664cab31455/5b53f92e-eb64-4287-a476-e07af0e3a7f2_950946353.jpeg?h=225&w=225
Tesco Bbq Chicken With Jasmine Rice 400G,€3.95,,€9.88/kg,https://www.tesco.ie/groceries/en-IE/products/310677773,https://digitalcontent.api.tesco.com/v2/media/ghs/ad22c670-e496-49e7-beb1-1c8c1367cc2c/e10492f1-e7ac-497c-9fe2-b10d6b4ca936.jpeg?h=225&w=225
Fit Meals Thai Red Chicken Curry And Rice 450G,€5.50,,€12.22/kg,https://www.tesco.ie/groceries/en-IE/products/311957377,https://digitalcontent.api.tesco.com/v2/media/ghs/89297185-cc90-4599-8cea-b50526b03907/061221c8-1251-4026-9717-0ba17b567ac4_1701264751.jpeg?h=225&w=225
So Thai Chicken Pad Thai And Noodles 400G,€4.99,,€12.48/kg,https://www.tesco.ie/groceries/en-IE/products/311265084,https://digitalcontent.api.tesco.com/v2/media/ghs/c161d583-c87e-42d9-83ec-5bcf00b06df5/1aa5ed0e-4dae-4268-967f-64152fc820c4_1916687417.jpeg?h=225&w=225
Sage Roasted Garlic Aioli 200G,€3.99,,€19.95/kg,https://www.tesco.ie/groceries/en-IE/products/312091917,https://digitalcontent.api.tesco.com/v2/media/ghs-mktg/b0b04216-fa73-466d-a9d7-c9fcfa1ce9b3/no-image.jpeg
Bol Indian Black Daal One Pot Meal 450G,€3.95,€2.95 Clubcard Price,€8.78/kg,https://www.tesco.ie/groceries/en-IE/products/313860614,https://digitalcontent.api.tesco.com/v2/media/ghs/4f54dd72-3ad0-4612-b29c-18bf7af9e78c/e17576dc-1b06-4c11-8575-b9e7e553653c.jpeg?h=225&w=225
Tesco Vegetable Lasagne 400G,€3.95,,€9.88/kg,https://www.tesco.ie/groceries/en-IE/products/310665326,https://digitalcontent.api.tesco.com/v2/media/ghs/b1a21c23-78eb-4cbb-bc32-d2374e6b83cd/4891e27f-59d0-4112-965b-05ade4551e58.jpeg?h=225&w=225
So Thai Thai Red Chicken Curry And Rice 450G,€4.99,,€11.09/kg,https://www.tesco.ie/groceries/en-IE/products/311665814,https://digitalcontent.api.tesco.com/v2/media/ghs/9ef95db5-3ab1-408a-9b7d-6e044e599136/c2457a65-695d-4fae-8206-48c566cc6a9e_841525778.jpeg?h=225&w=225
Sage Tomato Salsa 220G,€3.99,,€18.14/kg,https://www.tesco.ie/groceries/en-IE/products/312360977,https://digitalcontent.api.tesco.com/v2/media/ghs-mktg/b0b04216-fa73-466d-a9d7-c9fcfa1ce9b3/no-image.jpeg
