Title,Price,Promotional Price,Price Per,Product URL,Image URL
Rustlers Quarter Pounder Cheese Burger 190 G,€2.50,,€13.16/kg,https://www.tesco.ie/groceries/en-IE/products/255956906,https://digitalcontent.api.tesco.com/v2/media/ghs/6adf18f2-9f00-4e06-b425-02ecee2c2bf8/1ae68c7e-5341-44aa-88c6-0f700e4b0e61.jpeg?h=225&w=225
Rustlers Bbq Pork Rib Sandwich 157G,€2.50,,€15.92/kg,https://www.tesco.ie/groceries/en-IE/products/282997603,https://digitalcontent.api.tesco.com/v2/media/ghs/a467ef80-ac89-406a-b39f-79095d7e27ac/c9d019b1-b527-4a79-bb4d-526444723014.jpeg?h=225&w=225
Cully And Sully Chicken And Vegetable Soup 280G,€1.95,,€6.96/kg,https://www.tesco.ie/groceries/en-IE/products/305119843,https://digitalcontent.api.tesco.com/v2/media/ghs/a6f7c3c5-a6d9-4868-a1a5-124edd60ab82/11565e11-3207-4896-9f31-860da722f12b_803983154.jpeg?h=225&w=225
Rustlers Chicken Sandwich 150G,€2.50,€2.00 Clubcard Price,€16.67/kg,https://www.tesco.ie/groceries/en-IE/products/255956866,https://digitalcontent.api.tesco.com/v2/media/ghs/a9fb97df-2f50-479d-a39e-7c736af98bf7/3f1e3d01-19a2-4ed4-9785-1832095a0314_919336747.jpeg?h=225&w=225
Tesco Chicken Tikka Wrap 186G,€3.75,Meal Deal for €4.49 - Buy Any 1 Pasta Or Wrap Or Sandwich Or Salad Or Sushi & 1 Crisp Or Fruit & 1 Drink,€20.16/kg,https://www.tesco.ie/groceries/en-IE/products/277600125,https://digitalcontent.api.tesco.com/v2/media/ghs/0a43123b-1d6e-4433-8d3f-16a2da1cddcd/snapshotimagehandler_243006952.jpeg?h=225&w=225
Rustlers Hot Dog 146G,€1.95,€1.75 Clubcard Price,€13.36/kg,https://www.tesco.ie/groceries/en-IE/products/253141802,https://digitalcontent.api.tesco.com/v2/media/ghs/d2802769-a61e-41aa-a163-8aabd804e490/3f4c7142-5801-415a-88cb-111f21875c7d_1398756653.jpeg?h=225&w=225
Rustlers All Day Breakfast Sausage Muffin 155G,€2.50,,€16.13/kg,https://www.tesco.ie/groceries/en-IE/products/300903602,https://digitalcontent.api.tesco.com/v2/media/ghs/f3b7e623-20ff-4516-9322-0a02db1dca68/8a158b5a-365c-436d-9861-27a549865333.jpeg?h=225&w=225
Everest Hi Protein Mint Pudding 200G,€1.50,Meal Deal for €4.49 - Buy Any 1 Pasta Or Wrap Or Sandwich Or Salad Or Sushi & 1 Crisp Or Fruit & 1 Drink,€7.50/kg,https://www.tesco.ie/groceries/en-IE/products/310692126,https://digitalcontent.api.tesco.com/v2/media/ghs/ee7dde89-6760-4573-8671-7ce54be47830/0cd41e9d-6814-4975-a9df-ed6689cab6cd_786246839.jpeg?h=225&w=225
Country Kitchen Roasted Vegetable Cous Cous 220G,€2.25,,€10.23/kg,https://www.tesco.ie/groceries/en-IE/products/309402806,https://digitalcontent.api.tesco.com/v2/media/ghs/035f854f-556c-4cfa-97e3-ebecf4710334/b75a8c9c-6cf8-4435-97cf-6b7d542a1e3e.jpeg?h=225&w=225
Everest Hipro Chocolate Flavoured Prtn Pudding 200G,€1.50,Meal Deal for €4.49 - Buy Any 1 Pasta Or Wrap Or Sandwich Or Salad Or Sushi & 1 Crisp Or Fruit & 1 Drink,€7.50/kg,https://www.tesco.ie/groceries/en-IE/products/307361563,https://digitalcontent.api.tesco.com/v2/media/ghs/224412ec-35df-4034-88b4-af01e041b097/snapshotimagehandler_803513151.jpeg?h=225&w=225
Oishii Sushi Shellfish Supreme 155G,€3.50,Meal Deal for €4.49 - Buy Any 1 Pasta Or Wrap Or Sandwich Or Salad Or Sushi & 1 Crisp Or Fruit & 1 Drink,€22.58/kg,https://www.tesco.ie/groceries/en-IE/products/311424115,https://digitalcontent.api.tesco.com/v2/media/ghs/b3d2ecc3-3586-4508-8247-38a1e91340b5/8bcff23e-412b-48ec-931f-8facb74126d5_141526306.jpeg?h=225&w=225
Tesco Chicken And Bacon Caesar Wrap 191G,€3.75,Meal Deal for €4.49 - Buy Any 1 Pasta Or Wrap Or Sandwich Or Salad Or Sushi & 1 Crisp Or Fruit & 1 Drink,€19.63/kg,https://www.tesco.ie/groceries/en-IE/products/312096276,https://digitalcontent.api.tesco.com/v2/media/ghs/b6ba03c5-40d8-4c59-b900-9ce246e11a95/c111a675-7f0e-4ccc-9a27-668fa1a74693_1335913772.jpeg?h=225&w=225
Tesco Chicken And Stuffing 157G,€3.50,Meal Deal for €4.49 - Buy Any 1 Pasta Or Wrap Or Sandwich Or Salad Or Sushi & 1 Crisp Or Fruit & 1 Drink,€22.29/kg,https://www.tesco.ie/groceries/en-IE/products/271644572,https://digitalcontent.api.tesco.com/v2/media/ghs/85df81e7-43d9-4a11-a1fd-ca07d009d77e/snapshotimagehandler_1974810619.jpeg?h=225&w=225
Tesco Cajun Chicken Wrap 181G,€3.75,Meal Deal for €4.49 - Buy Any 1 Pasta Or Wrap Or Sandwich Or Salad Or Sushi & 1 Crisp Or Fruit & 1 Drink,€20.72/kg,https://www.tesco.ie/groceries/en-IE/products/312720707,https://digitalcontent.api.tesco.com/v2/media/ghs/eff5be0d-3d22-4a72-8bea-2fac56ea8066/d509cf86-14cd-441a-a6d3-e1bd5cebe867_1175648656.jpeg?h=225&w=225
Everest Hipro Salted Caramel Prtn Pudding 200G,€1.50,Meal Deal for €4.49 - Buy Any 1 Pasta Or Wrap Or Sandwich Or Salad Or Sushi & 1 Crisp Or Fruit & 1 Drink,€7.50/kg,https://www.tesco.ie/groceries/en-IE/products/307338822,https://digitalcontent.api.tesco.com/v2/media/ghs/97548f82-7fc8-482d-9255-4741387ec30a/bc092693-9a42-4502-90a3-a4dcd6a01e1d_1176153797.jpeg?h=225&w=225
Cully And Sully Vegetable Soup 280G,€1.95,,€6.96/kg,https://www.tesco.ie/groceries/en-IE/products/305119866,https://digitalcontent.api.tesco.com/v2/media/ghs/0e04b42e-54c1-4f0f-85ec-2b1dbc43e28d/955c4597-392d-4c61-a443-70dfc70e5e09_237206034.jpeg?h=225&w=225
Cully And Sully Tomato Soup 280G,€1.95,,€6.96/kg,https://www.tesco.ie/groceries/en-IE/products/305136436,https://digitalcontent.api.tesco.com/v2/media/ghs/1ddc2ccf-9220-44e0-a60e-214ceaecbab3/48f60b38-a288-42c6-92e9-42dfd3dc721a_329160486.jpeg?h=225&w=225
Tesco Bacon Lettuce Tomato Sandwich 177G,€3.50,Meal Deal for €4.49 - Buy Any 1 Pasta Or Wrap Or Sandwich Or Salad Or Sushi & 1 Crisp Or Fruit & 1 Drink,€19.77/kg,https://www.tesco.ie/groceries/en-IE/products/296057969,https://digitalcontent.api.tesco.com/v2/media/ghs/3e11d599-8564-4133-8131-320f74881645/snapshotimagehandler_1180580219.jpeg?h=225&w=225
Tesco Southern Fried Chicken Bbq Slaw Wrap 198G,€3.75,Meal Deal for €4.49 - Buy Any 1 Pasta Or Wrap Or Sandwich Or Salad Or Sushi & 1 Crisp Or Fruit & 1 Drink,€18.94/kg,https://www.tesco.ie/groceries/en-IE/products/301869865,https://digitalcontent.api.tesco.com/v2/media/ghs/3ea4ad73-a0fb-4116-9f1c-2b8a8ea36968/snapshotimagehandler_1022333385.jpeg?h=225&w=225
Tesco Tomato And Basil Chicken Pasta 294G,€3.50,Meal Deal for €4.49 - Buy Any 1 Pasta Or Wrap Or Sandwich Or Salad Or Sushi & 1 Crisp Or Fruit & 1 Drink,€11.90/kg,https://www.tesco.ie/groceries/en-IE/products/305984409,https://digitalcontent.api.tesco.com/v2/media/ghs/093e32df-0cd0-4a37-8d22-f376b3c784d2/snapshotimagehandler_733205174.jpeg?h=225&w=225
Tescosouthern Friedchicken Wrap 176G,€3.75,Meal Deal for €4.49 - Buy Any 1 Pasta Or Wrap Or Sandwich Or Salad Or Sushi & 1 Crisp Or Fruit & 1 Drink,€21.31/kg,https://www.tesco.ie/groceries/en-IE/products/296128805,https://digitalcontent.api.tesco.com/v2/media/ghs/ce8e23b1-223a-4ea7-8dbe-266c2be4374d/snapshotimagehandler_519718977.jpeg?h=225&w=225
Tesco Chicken Pesto Pasta 224G,€3.50,Meal Deal for €4.49 - Buy Any 1 Pasta Or Wrap Or Sandwich Or Salad Or Sushi & 1 Crisp Or Fruit & 1 Drink,€15.62/kg,https://www.tesco.ie/groceries/en-IE/products/305973055,https://digitalcontent.api.tesco.com/v2/media/ghs/22875a05-e70d-4563-ac7e-8f382a8fd263/snapshotimagehandler_1226255172.jpeg?h=225&w=225
Tesco H'nh Chicken And Stuffing And Chicken And Bacon Sandwich 157G,€3.50,Meal Deal for €4.49 - Buy Any 1 Pasta Or Wrap Or Sandwich Or Salad Or Sushi & 1 Crisp Or Fruit & 1 Drink,€22.29/kg,https://www.tesco.ie/groceries/en-IE/products/312693836,https://digitalcontent.api.tesco.com/v2/media/ghs/43007467-13be-4ae9-8bdb-afa30e907908/09e94a3e-1598-4424-9d0b-f2f294202eec_1350784665.jpeg?h=225&w=225
Tesco Chicken And Bacon Sandwich 152G,€3.50,Meal Deal for €4.49 - Buy Any 1 Pasta Or Wrap Or Sandwich Or Salad Or Sushi & 1 Crisp Or Fruit & 1 Drink,€23.03/kg,https://www.tesco.ie/groceries/en-IE/products/312234557,https://digitalcontent.api.tesco.com/v2/media/ghs/99d00f0a-7613-4633-9b1e-49c456c90eee/541d0633-ddfd-455f-bef8-88305c253edf_968134613.jpeg?h=225&w=225
Rustlers Southern Fried Chicken Sandwich 158 G,€2.99,,€18.92/kg,https://www.tesco.ie/groceries/en-IE/products/265500659,https://digitalcontent.api.tesco.com/v2/media/ghs/3252be3b-1a9b-406c-8ca7-4d5dc755c685/e202cfe3-30e3-48a8-9722-7c390dc2e076.jpeg?h=225&w=225
Tesco Double Egg Salad 189G,€3.50,Meal Deal for €4.49 - Buy Any 1 Pasta Or Wrap Or Sandwich Or Salad Or Sushi & 1 Crisp Or Fruit & 1 Drink,€18.52/kg,https://www.tesco.ie/groceries/en-IE/products/288175904,https://digitalcontent.api.tesco.com/v2/media/ghs/3a5b57fd-2f1c-4927-a517-01a19c15c8dd/snapshotimagehandler_2059475823.jpeg?h=225&w=225
Tesco Chicken Salad Sandwich 178G,€3.50,Meal Deal for €4.49 - Buy Any 1 Pasta Or Wrap Or Sandwich Or Salad Or Sushi & 1 Crisp Or Fruit & 1 Drink,€19.66/kg,https://www.tesco.ie/groceries/en-IE/products/310121515,https://digitalcontent.api.tesco.com/v2/media/ghs/71080e88-f468-4347-b812-9d01efd2f050/4a526412-76bf-41fd-9e2f-805cf49337a1_652591129.jpeg?h=225&w=225
Country Kitchen Pesto Pasta 175G,€2.50,,€14.29/kg,https://www.tesco.ie/groceries/en-IE/products/309403022,https://digitalcontent.api.tesco.com/v2/media/ghs/58ff8bb3-ec73-4544-9023-fba963f3189c/6a5d596b-4796-46b0-91d9-28d60b2a7655.jpeg?h=225&w=225
Oishii Sushi Chicken Katsu Sushi 155G,€3.50,Meal Deal for €4.49 - Buy Any 1 Pasta Or Wrap Or Sandwich Or Salad Or Sushi & 1 Crisp Or Fruit & 1 Drink,€22.58/kg,https://www.tesco.ie/groceries/en-IE/products/313743347,https://digitalcontent.api.tesco.com/v2/media/ghs/6c6dc4b9-8c02-49b7-90ce-32bf049110bb/56ea8520-cdc9-4b6b-8378-4c1a4996068b_605449622.jpeg?h=225&w=225
Tesco Triple Sandwich 186G,€3.75,Meal Deal for €4.49 - Buy Any 1 Pasta Or Wrap Or Sandwich Or Salad Or Sushi & 1 Crisp Or Fruit & 1 Drink,€20.16/kg,https://www.tesco.ie/groceries/en-IE/products/288176074,https://digitalcontent.api.tesco.com/v2/media/ghs/16c11ef6-fb55-4f19-b918-facd1869534e/8f187ca6-811e-48d5-9243-f6e390d2ea78_607845831.jpeg?h=225&w=225
Tesco Fajita Style Chicken Wrap 186G,€3.75,Meal Deal for €4.49 - Buy Any 1 Pasta Or Wrap Or Sandwich Or Salad Or Sushi & 1 Crisp Or Fruit & 1 Drink,€20.16/kg,https://www.tesco.ie/groceries/en-IE/products/310683978,https://digitalcontent.api.tesco.com/v2/media/ghs/6b839976-de8e-4896-aebf-f1f5f1d40ee9/64e89ac0-1e09-41b8-bd73-ecbfdb7aa9d1_243393255.jpeg?h=225&w=225
Oishii Sushi Spicy Crabstick Sushi 155G,€3.50,Meal Deal for €4.49 - Buy Any 1 Pasta Or Wrap Or Sandwich Or Salad Or Sushi & 1 Crisp Or Fruit & 1 Drink,€22.58/kg,https://www.tesco.ie/groceries/en-IE/products/313734937,https://digitalcontent.api.tesco.com/v2/media/ghs/0490eae4-9e05-48a2-b80e-48706bb339f7/b8e65119-47b5-4d36-b363-27c8b4f3db0b_1379592379.jpeg?h=225&w=225
Oishii Sushi Tokyo Vegetarian Taster 155G,€3.50,Meal Deal for €4.49 - Buy Any 1 Pasta Or Wrap Or Sandwich Or Salad Or Sushi & 1 Crisp Or Fruit & 1 Drink,€22.58/kg,https://www.tesco.ie/groceries/en-IE/products/311423329,https://digitalcontent.api.tesco.com/v2/media/ghs/f2a52b6a-b255-4a48-aaec-94ace0e2d413/6d37201e-eacd-44d3-b75a-0844eb749ffb_678459148.jpeg?h=225&w=225
Donnelly Fresh Creamy Chicken And Bacon Pasta Pot 300G,€2.99,€2.50 Clubcard Price,€9.97/kg,https://www.tesco.ie/groceries/en-IE/products/315339538,https://digitalcontent.api.tesco.com/v2/media/ghs/f309ae66-4340-4ce9-88c8-1b4e52eb787e/f8436420-980b-4377-9768-78876fb27fbd_1811038291.jpeg?h=225&w=225
Tesco Ham And Cheese 142G,€3.50,Meal Deal for €4.49 - Buy Any 1 Pasta Or Wrap Or Sandwich Or Salad Or Sushi & 1 Crisp Or Fruit & 1 Drink,€24.65/kg,https://www.tesco.ie/groceries/en-IE/products/288175714,https://digitalcontent.api.tesco.com/v2/media/ghs/3ce1f838-6838-48cb-ab06-0f8d6ec4075a/snapshotimagehandler_1221524571.jpeg?h=225&w=225
Tesco Triple Double Egg & Cheese Sandwich 221G,€3.75,Meal Deal for €4.49 - Buy Any 1 Pasta Or Wrap Or Sandwich Or Salad Or Sushi & 1 Crisp Or Fruit & 1 Drink,€16.97/kg,https://www.tesco.ie/groceries/en-IE/products/308852319,https://digitalcontent.api.tesco.com/v2/media/ghs/c46539a9-c8fc-47d4-85df-7f658c6a1ece/528b6ed7-70f3-4e59-b4d8-743d1531ef8e_1637066150.jpeg?h=225&w=225
Rustlers Meatless Maverik Classic Burger 196G,€3.50,€2.25 Clubcard Price,€17.86/kg,https://www.tesco.ie/groceries/en-IE/products/310668830,https://digitalcontent.api.tesco.com/v2/media/ghs/d4308cd2-e5fb-44e9-b713-2f01332e2e35/2e963295-6822-4fef-aff0-fbf3ebe90907.jpeg?h=225&w=225
Tesco Moroccan Inspired Salad And Houmous 250G,€3.69,Meal Deal for €4.49 - Buy Any 1 Pasta Or Wrap Or Sandwich Or Salad Or Sushi & 1 Crisp Or Fruit & 1 Drink,€14.76/kg,https://www.tesco.ie/groceries/en-IE/products/305952155,https://digitalcontent.api.tesco.com/v2/media/ghs/20375222-bd41-4dfd-b273-2a48f5252f42/c08ef348-48d2-4522-9ecb-cd4c22d58b97_1168141796.jpeg?h=225&w=225
"Tesco Plant Chef Falafel, Houmous Wrap 182G",€3.75,Meal Deal for €4.49 - Buy Any 1 Pasta Or Wrap Or Sandwich Or Salad Or Sushi & 1 Crisp Or Fruit & 1 Drink,€20.60/kg,https://www.tesco.ie/groceries/en-IE/products/310129144,https://digitalcontent.api.tesco.com/v2/media/ghs/e7e2b4a4-e530-468d-be1c-f4f70c5787d7/d97efc8b-09f3-4d36-95c7-5e30544a17c9_815549480.jpeg?h=225&w=225
Tesco Southern Fried Chicken Sandwich 193G,€3.50,Meal Deal for €4.49 - Buy Any 1 Pasta Or Wrap Or Sandwich Or Salad Or Sushi & 1 Crisp Or Fruit & 1 Drink,€3.50/each,https://www.tesco.ie/groceries/en-IE/products/259885655,https://digitalcontent.api.tesco.com/v2/media/ghs-mktg/b0b04216-fa73-466d-a9d7-c9fcfa1ce9b3/no-image.jpeg
Peperami Chorizo Stick 20G,€1.15,Meal Deal for €4.49 - Buy Any 1 Pasta Or Wrap Or Sandwich Or Salad Or Sushi & 1 Crisp Or Fruit & 1 Drink,€57.50/kg,https://www.tesco.ie/groceries/en-IE/products/311785657,https://digitalcontent.api.tesco.com/v2/media/ghs/6a273219-52ee-4894-b14d-dd6e8da158b4/0c930ddc-60af-4802-b2dc-9b7e22f4fafd_304700534.jpeg?h=225&w=225
Philadelphia Light Low Fat Soft Cream Cheese Snacks 42G,€1.00,Meal Deal for €4.49 - Buy Any 1 Pasta Or Wrap Or Sandwich Or Salad Or Sushi & 1 Crisp Or Fruit & 1 Drink,€23.81/kg,https://www.tesco.ie/groceries/en-IE/products/309160573,https://digitalcontent.api.tesco.com/v2/media/ghs/84a99c60-73ab-4e12-86de-c476c9686462/059b22fa-5816-4ed1-a847-249877119991_837647074.jpeg?h=225&w=225
Peperami Original Salami 22.5G,€1.15,Meal Deal for €4.49 - Buy Any 1 Pasta Or Wrap Or Sandwich Or Salad Or Sushi & 1 Crisp Or Fruit & 1 Drink,€51.11/kg,https://www.tesco.ie/groceries/en-IE/products/296526940,https://digitalcontent.api.tesco.com/v2/media/ghs/7cee65aa-e6aa-451f-b948-ff4671cc0c55/f154e930-06e1-4f67-abda-4dbec50d7098_830617632.jpeg?h=225&w=225
Absolute N/Ionis Jos Prtn Balls 2 Pack 50G,€2.95,,€59.00/kg,https://www.tesco.ie/groceries/en-IE/products/305137723,https://digitalcontent.api.tesco.com/v2/media/ghs/7c1e5039-99f0-4b76-8ca6-1fbbbb54ec9b/snapshotimagehandler_1505552570.jpeg?h=225&w=225
Dairylea Dunkers 41G,€1.00,Meal Deal for €4.49 - Buy Any 1 Pasta Or Wrap Or Sandwich Or Salad Or Sushi & 1 Crisp Or Fruit & 1 Drink,€24.39/kg,https://www.tesco.ie/groceries/en-IE/products/309749505,https://digitalcontent.api.tesco.com/v2/media/ghs/308b0223-a64a-4419-a538-996a8ea6aafe/eb43e17f-56c7-4791-8e84-603894612132_1355484238.jpeg?h=225&w=225
Deli Lites Salt 'N' Chilli Chicken Goujon Wrap 236G,€4.00,,€16.95/kg,https://www.tesco.ie/groceries/en-IE/products/306824542,https://digitalcontent.api.tesco.com/v2/media/ghs/c56cfc2c-7952-4363-97c1-5a523c07e9f4/37741d45-dbdc-4361-be25-89073a2253c5_1478875731.jpeg?h=225&w=225
Donnelly Fresh Caesa And Bacon Pasta Pot 300G,€2.99,€2.50 Clubcard Price,€9.97/kg,https://www.tesco.ie/groceries/en-IE/products/315450359,https://digitalcontent.api.tesco.com/v2/media/ghs/9e677f11-51f5-43af-9391-5323437742d8/246bfded-b9a1-4824-a39e-0cb5eba71888_1630627662.jpeg?h=225&w=225
T.Plnt/Chf Onin Bhaji And Bombay Aloo Wrap 211G,€3.75,Meal Deal for €4.49 - Buy Any 1 Pasta Or Wrap Or Sandwich Or Salad Or Sushi & 1 Crisp Or Fruit & 1 Drink,€17.77/kg,https://www.tesco.ie/groceries/en-IE/products/310160186,https://digitalcontent.api.tesco.com/v2/media/ghs/1ed33fb9-d716-471f-97ab-1d7ce642d32b/f7c52eba-8874-4d38-88b8-d69a5af6e8a0_1270647375.jpeg?h=225&w=225
Delilites Bbq Chicken Goujon And Bacon Wrap 235G,€4.00,,€17.02/kg,https://www.tesco.ie/groceries/en-IE/products/310166911,https://digitalcontent.api.tesco.com/v2/media/ghs/ebb268cd-ae42-4339-9d8a-80dbb7b5cb79/056374a2-ed9d-4f68-8e80-6ec9a0e115b8_1573589924.jpeg?h=225&w=225
Peperami Red Hot Stick 22.5G,€1.15,Meal Deal for €4.49 - Buy Any 1 Pasta Or Wrap Or Sandwich Or Salad Or Sushi & 1 Crisp Or Fruit & 1 Drink,€51.11/kg,https://www.tesco.ie/groceries/en-IE/products/296747717,https://digitalcontent.api.tesco.com/v2/media/ghs/0f321f11-a9b9-451a-8884-ae2cc7b3c786/dd747219-e830-44fb-9f99-411013c93638_259110171.jpeg?h=225&w=225
Absolute N/Ionis Jo's Peanut Butter Bombs 2Pack 50G,€2.95,,€59.00/kg,https://www.tesco.ie/groceries/en-IE/products/305137815,https://digitalcontent.api.tesco.com/v2/media/ghs/ae1f06e2-3242-4a5b-baad-a121c0146164/snapshotimagehandler_324423735.jpeg?h=225&w=225
Delilites Clsc Chicken Caesar Wrap 229G,€4.00,,€17.47/kg,https://www.tesco.ie/groceries/en-IE/products/304214789,https://digitalcontent.api.tesco.com/v2/media/ghs/a3680bca-5647-47fc-b2e9-609e156889a1/0fc72918-6714-499a-b8fc-72b03f2518f3_154216851.jpeg?h=225&w=225
Tesco Double White Cheddar And Relish Sandwich 190G,€3.50,Meal Deal for €4.49 - Buy Any 1 Pasta Or Wrap Or Sandwich Or Salad Or Sushi & 1 Crisp Or Fruit & 1 Drink,€18.42/kg,https://www.tesco.ie/groceries/en-IE/products/310109957,https://digitalcontent.api.tesco.com/v2/media/ghs/8578c9c1-b3e5-4e65-89b3-cad11928c767/d212a97f-fd78-4a3d-ac09-410f9254730a_678892619.jpeg?h=225&w=225
