Title,Price,Promotional Price,Price Per,Product URL,Image URL
Cully & Sully Chicken & Vegetable Soup 400G,€2.89,Any 3 for €5 Clubcard Price - Selected Cheese Or Fresh Soup Or Meat Or Yogurt & Desserts,€7.22/kg,https://www.tesco.ie/groceries/en-IE/products/263663706,https://digitalcontent.api.tesco.com/v2/media/ghs/22a5bc73-8d95-4ab2-ac61-6e646567f04b/d84d509b-c769-456a-9b7f-37f6e775ee40.jpeg?h=225&w=225
Tesco Chicken And Vegetable Soup 400G,€1.80,,€4.50/kg,https://www.tesco.ie/groceries/en-IE/products/300822611,https://digitalcontent.api.tesco.com/v2/media/ghs/d1e3688a-082a-41b6-a407-4adccd6c63c5/snapshotimagehandler_508802452.jpeg?h=225&w=225
Cully And Sully Tomato & Basil Soup 400 G,€2.89,Any 3 for €5 Clubcard Price - Selected Cheese Or Fresh Soup Or Meat Or Yogurt & Desserts,€7.22/kg,https://www.tesco.ie/groceries/en-IE/products/263663739,https://digitalcontent.api.tesco.com/v2/media/ghs/8a4b640b-4d83-485f-ae1b-cc2265947134/cd93e8af-7ecc-4b48-a60f-56507e590264.jpeg?h=225&w=225
Tesco Tomato And Basil Soup 400G,€1.80,,€4.50/kg,https://www.tesco.ie/groceries/en-IE/products/300822732,https://digitalcontent.api.tesco.com/v2/media/ghs/7941ed5a-4fe9-4c90-90de-3605aa3e0881/snapshotimagehandler_465777348.jpeg?h=225&w=225
Cully & Sully Vegetable Soup 400G,€2.89,Any 3 for €5 Clubcard Price - Selected Cheese Or Fresh Soup Or Meat Or Yogurt & Desserts,€7.22/kg,https://www.tesco.ie/groceries/en-IE/products/259852850,https://digitalcontent.api.tesco.com/v2/media/ghs/bc43b506-8064-485f-b30e-fa4ff2644106/888ad9ef-e9b0-4dee-8174-e39a67a334f0_1479937494.jpeg?h=225&w=225
Tesco Vegetable Soup 400G,€1.80,,€4.50/kg,https://www.tesco.ie/groceries/en-IE/products/300822679,https://digitalcontent.api.tesco.com/v2/media/ghs/2fbef6c7-ff8e-4d30-8d4b-ad977372d458/snapshotimagehandler_1976732804.jpeg?h=225&w=225
Avonmore Fresh Chicken And Vegetable Soup 400G,€2.49,€2.00 Clubcard Price,€6.22/litre,https://www.tesco.ie/groceries/en-IE/products/260792504,https://digitalcontent.api.tesco.com/v2/media/ghs/691a696a-663c-47f7-9743-25c31b0feff8/ab650265-2e9c-4838-81b7-80d599d80023_1320651425.jpeg?h=225&w=225
Avonmore Soup Fresh Cream Of Chicken 400G,€2.49,€2.00 Clubcard Price,€6.22/kg,https://www.tesco.ie/groceries/en-IE/products/273983149,https://digitalcontent.api.tesco.com/v2/media/ghs/1ba318c2-7ba4-42fb-919e-eb41ff0b8f50/e8eefe73-07b5-4240-8a71-cf0d1b8e9248_1423750726.jpeg?h=225&w=225
Cully&Sully Smoked Haddock&Salmon Chowder 400G,€2.99,Any 3 for €5 Clubcard Price - Selected Cheese Or Fresh Soup Or Meat Or Yogurt & Desserts,€7.48/kg,https://www.tesco.ie/groceries/en-IE/products/278049407,https://digitalcontent.api.tesco.com/v2/media/ghs/f41b3f77-aaf0-4293-a14f-5ae90caa2de4/cab3bd0f-8fa9-446a-96b2-243b1d02c0d9.jpeg?h=225&w=225
Avonmore Chicken And Vegetable Soup 700G,€3.69,,€5.27/kg,https://www.tesco.ie/groceries/en-IE/products/285049351,https://digitalcontent.api.tesco.com/v2/media/ghs/2d835c52-fd0f-4205-86d8-7f711f7e9412/960a0b0c-3d38-40a7-bf79-f08699646332_55211851.jpeg?h=225&w=225
Avonmore Farmers Choice Mixed Vegetable 400G,€2.49,€2.00 Clubcard Price,€6.22/litre,https://www.tesco.ie/groceries/en-IE/products/260791995,https://digitalcontent.api.tesco.com/v2/media/ghs/72fecdab-7015-434f-b708-ace7108fa9eb/4c381fef-4cb3-43cc-be75-84f4c6902443_1416494723.jpeg?h=225&w=225
Tesco Finest* Creamy Root Vegetable And Butternut Squash Soup 400G,€2.00,,€5.00/kg,https://www.tesco.ie/groceries/en-IE/products/306812971,https://digitalcontent.api.tesco.com/v2/media/ghs/bff3ed99-d0c7-4cfe-9fff-a93b90fb1237/snapshotimagehandler_676504469.jpeg?h=225&w=225
Cully And Sully Honey Carrot And Coriander Soup 400G,€2.89,Any 3 for €5 Clubcard Price - Selected Cheese Or Fresh Soup Or Meat Or Yogurt & Desserts,€7.22/kg,https://www.tesco.ie/groceries/en-IE/products/263663666,https://digitalcontent.api.tesco.com/v2/media/ghs/e9d8655b-0ecf-4581-b984-6af70e6feacb/snapshotimagehandler_1726325307.jpeg?h=225&w=225
Tesco Finest* Tomato With Mascarpone And Fresh Basil Soup 400G,€2.00,,€5.00/kg,https://www.tesco.ie/groceries/en-IE/products/306654610,https://digitalcontent.api.tesco.com/v2/media/ghs/62c0d7e7-707b-4c3d-8e47-6135a8c2f2fb/snapshotimagehandler_1329416990.jpeg?h=225&w=225
Cully And Sully Mushroom Soup 400G,€2.89,€2.25 Clubcard Price,€7.22/kg,https://www.tesco.ie/groceries/en-IE/products/263663653,https://digitalcontent.api.tesco.com/v2/media/ghs/a26d796f-1c34-4aee-ae82-ee73b28b9305/snapshotimagehandler_18771054.jpeg?h=225&w=225
Avonmore Tomato And Basil Soup 400G,Currently out of stock,,,https://www.tesco.ie/groceries/en-IE/products/260792435,https://digitalcontent.api.tesco.com/v2/media/ghs/27a4f6dd-d655-40df-beab-c637783238da/3f1c1e56-fe8f-488c-839a-e6dc7cc401a4_816766456.jpeg?h=225&w=225
Cully And Sully Chicken & Vegetable Soup 750G,€3.79,,€5.05/kg,https://www.tesco.ie/groceries/en-IE/products/285858234,https://digitalcontent.api.tesco.com/v2/media/ghs/3bb72677-3a7f-49fb-b893-f643537cb544/snapshotimagehandler_892479883.jpeg?h=225&w=225
Avonmore Leek&Potato Soup 400G,€2.49,€2.00 Clubcard Price,€6.22/kg,https://www.tesco.ie/groceries/en-IE/products/273981543,https://digitalcontent.api.tesco.com/v2/media/ghs/9add5342-070b-47f5-9cd7-c7c60d1aa27a/9bdd2d8b-a401-44e6-8596-064cc7da1377_845042180.jpeg?h=225&w=225
Avonmore Soup Slow Cook Chick And Vegetable 400G,€2.69,,€6.72/kg,https://www.tesco.ie/groceries/en-IE/products/290538796,https://digitalcontent.api.tesco.com/v2/media/ghs/5108c195-80be-4ea4-b39b-2eb07cc800bf/15793b9d-ac37-43be-89c0-eeefc98c2571_265498051.jpeg?h=225&w=225
Tesco Finest* Hearty Swt/Pot And Irish Chicken Soup 400G,€2.00,,€5.00/kg,https://www.tesco.ie/groceries/en-IE/products/306806190,https://digitalcontent.api.tesco.com/v2/media/ghs/45fb193a-63d8-4f33-9f7f-aa726c015fc7/snapshotimagehandler_767388908.jpeg?h=225&w=225
Avonmore Low Fat Tomato And Basil Soup 400G,€2.49,€2.00 Clubcard Price,€6.22/kg,https://www.tesco.ie/groceries/en-IE/products/264499726,https://digitalcontent.api.tesco.com/v2/media/ghs/5637d926-7963-4344-a93b-9c0823f94fa2/7cab8bae-a7f5-44ce-bfe6-fa8e000e5abc_1640617261.jpeg?h=225&w=225
Avonmore Fresh Tomato And Basil Soup 700G,€3.69,,€5.27/kg,https://www.tesco.ie/groceries/en-IE/products/285049230,https://digitalcontent.api.tesco.com/v2/media/ghs/46ca2fae-2725-4424-a3be-82fedd0b9c57/f90a9c84-63ac-4b64-baa3-5db1046b5052_367687330.jpeg?h=225&w=225
Avonmore Fresh Chicken Soup 700G,€3.69,,€5.27/kg,https://www.tesco.ie/groceries/en-IE/products/285049299,https://digitalcontent.api.tesco.com/v2/media/ghs/18bc6e59-3fec-4a0a-a0bd-0f6d96601db1/1dd7067c-6513-428a-9f48-eee08e79a81d_2142518468.jpeg?h=225&w=225
Avonmore Farmers Choice Mix Vegetable Soup 700G,€3.69,,€5.27/kg,https://www.tesco.ie/groceries/en-IE/products/285049178,https://digitalcontent.api.tesco.com/v2/media/ghs/3e952241-bcf0-4359-b230-6a6801247b2c/9927601f-9b74-498c-be94-e9fb5c9ba0fa_621847878.jpeg?h=225&w=225
Cully And Sully Thai Chicken Soup 400G,€2.99,€2.25 Clubcard Price,€7.48/kg,https://www.tesco.ie/groceries/en-IE/products/268044635,https://digitalcontent.api.tesco.com/v2/media/ghs/9536eea7-41eb-4551-a706-564ec362382a/snapshotimagehandler_1042455049.jpeg?h=225&w=225
Avonmore Low Fat Garden Vegetable Soup 400G,€2.49,€2.00 Clubcard Price,€6.22/kg,https://www.tesco.ie/groceries/en-IE/products/264499876,https://digitalcontent.api.tesco.com/v2/media/ghs/b0ba646b-4cb3-45bc-a1e5-91112e0f217a/bba2d9b7-edb5-47f4-8ea3-fa71213c2e75_1041393240.jpeg?h=225&w=225
Tesco Finest Cream Of Vegetable And Irish Chicken Soup 400G,€2.00,,€5.00/kg,https://www.tesco.ie/groceries/en-IE/products/314596983,https://digitalcontent.api.tesco.com/v2/media/ghs/d3362447-a943-4381-8a6e-aac0a50c81c5/f7461103-2dbd-4a44-80cb-c39727df65eb_1087720467.jpeg?h=225&w=225
Cully And Sully Lentil And Bacon Soup 400G,€2.99,€2.25 Clubcard Price,€7.48/kg,https://www.tesco.ie/groceries/en-IE/products/280146232,https://digitalcontent.api.tesco.com/v2/media/ghs/7c89c715-436e-4628-81c4-15ba0138fcc4/snapshotimagehandler_1704240761.jpeg?h=225&w=225
Tesco Finest Creamy Mushroom And Madeira Soup 400G,€2.00,,€5.00/kg,https://www.tesco.ie/groceries/en-IE/products/312351130,https://digitalcontent.api.tesco.com/v2/media/ghs/8941229f-178b-417f-b26c-dd4837337e4f/5bb3ba0f-4221-410a-87e9-586deb5a787e_303690806.jpeg?h=225&w=225
Cully And Sully Limited Edition Soup 400G,€2.89,€2.25 Clubcard Price,€7.22/kg,https://www.tesco.ie/groceries/en-IE/products/263662809,https://digitalcontent.api.tesco.com/v2/media/ghs/0fc28aa7-e2ec-4f45-b925-b105cbfe462a/9657004b-221c-410a-974e-9c50eb6cffcf_982675957.jpeg?h=225&w=225
Avonmore Fresh Mushroom Soup 400G,€2.49,€2.00 Clubcard Price,€6.22/kg,https://www.tesco.ie/groceries/en-IE/products/273981981,https://digitalcontent.api.tesco.com/v2/media/ghs/4ff7d01c-2f6a-4634-b7fc-7f61011a0585/6ce4815a-8f55-455e-a6fc-85270c512c78_2082289498.jpeg?h=225&w=225
Tesco Finest Cream Of Irish Chicken Soup 400G,€2.00,,€5.00/kg,https://www.tesco.ie/groceries/en-IE/products/315165616,https://digitalcontent.api.tesco.com/v2/media/ghs/67fb4b18-e208-40be-8c59-d970305933db/c010f1a0-2e63-4508-89b9-8f2dd74bb963_1047154150.jpeg?h=225&w=225
Cully And Sully Creamy Tomato And Basil Soup 750G,€3.79,,€5.05/kg,https://www.tesco.ie/groceries/en-IE/products/285858424,https://digitalcontent.api.tesco.com/v2/media/ghs/e744ba3b-a814-4aa2-84ba-0223764b9cf2/snapshotimagehandler_401468836.jpeg?h=225&w=225
Avonmore Soup Tomato Parmesan 400G,€2.69,,€6.72/kg,https://www.tesco.ie/groceries/en-IE/products/290538773,https://digitalcontent.api.tesco.com/v2/media/ghs/1cc2de28-648f-46c8-ae7a-dfd11c7818fc/4d64be54-956a-4563-9de7-5a7c08e491c3_1049607687.jpeg?h=225&w=225
Av Soup Fresh Low Fat Mditerranean Vegetable 400G,€2.49,€2.00 Clubcard Price,€6.22/kg,https://www.tesco.ie/groceries/en-IE/products/268616345,https://digitalcontent.api.tesco.com/v2/media/ghs/9a860e60-62de-4005-937e-e378f4722649/8844bcd2-761b-4609-ad4c-12f4cfe1a922_794843765.jpeg?h=225&w=225
Cully & Sully Full Bodied Vegetable Soup 750G,€3.79,,€5.05/kg,https://www.tesco.ie/groceries/en-IE/products/285858272,https://digitalcontent.api.tesco.com/v2/media/ghs/810451d8-0cd2-4efc-8efa-5da9644f8127/snapshotimagehandler_818402802.jpeg?h=225&w=225
Cully And Sully Chicken And Vegetable Broth 500G,€3.99,,€7.98/kg,https://www.tesco.ie/groceries/en-IE/products/298370928,https://digitalcontent.api.tesco.com/v2/media/ghs/4a803963-0f24-4eda-ae47-b2c3896a73a0/snapshotimagehandler_1398055917.jpeg?h=225&w=225
Avonmore Green Thai Chicken Soup 400G,€2.69,,€6.72/kg,https://www.tesco.ie/groceries/en-IE/products/307744894,https://digitalcontent.api.tesco.com/v2/media/ghs/17f72efc-ff21-4b14-8c50-b372711a9a58/c4dcde5a-b45d-45d1-945c-ddd83bb6c9b2_1012867162.jpeg?h=225&w=225
"Av Soup Smooth Vg With Cream Frche ,Grdn Herbs 400G",€2.49,€2.00 Clubcard Price,€6.22/kg,https://www.tesco.ie/groceries/en-IE/products/280318542,https://digitalcontent.api.tesco.com/v2/media/ghs/7f1f49ad-2295-428e-8d63-623993ac02ce/a11b57ca-158e-4c42-a683-5f91da6599c9_194846861.jpeg?h=225&w=225
Cully And Sully Beef And Vegetable Broth 550G,€3.99,,€7.98/kg,https://www.tesco.ie/groceries/en-IE/products/298370738,https://digitalcontent.api.tesco.com/v2/media/ghs/7d797154-d103-44d5-b70f-1a447bab5ec0/snapshotimagehandler_596544201.jpeg?h=225&w=225
Avonmore Vegetable Soup Italian Parsley 400G,€2.69,,€6.72/kg,https://www.tesco.ie/groceries/en-IE/products/290538531,https://digitalcontent.api.tesco.com/v2/media/ghs/e7920ccc-d9f4-4be8-a73f-d5c35a76d7d4/1c60017e-4e3a-4438-9572-dcc10a3faefc_395219999.jpeg?h=225&w=225
Kinsale Bay Food Co Sea Food Chowder 400G,€4.30,,€10.75/kg,https://www.tesco.ie/groceries/en-IE/products/281110060,https://digitalcontent.api.tesco.com/v2/media/ghs/04cb8d7a-4ef0-49bc-8700-fcaa615ae278/60c430e4-a43a-46a3-8beb-5a6634e64b12_1760866860.jpeg?h=225&w=225
Cully And Sully Vegetable Broth 500G,€3.99,,€7.98/kg,https://www.tesco.ie/groceries/en-IE/products/298371553,https://digitalcontent.api.tesco.com/v2/media/ghs/298a6cdc-b9d8-4470-b5c3-667e190e2f87/snapshotimagehandler_764018789.jpeg?h=225&w=225
Kinsale Bay Food Co Vegetabble Soup 400G,€2.85,,€7.12/kg,https://www.tesco.ie/groceries/en-IE/products/284215997,https://digitalcontent.api.tesco.com/v2/media/ghs/cfccf2ec-ebde-4abc-9cfc-69221b6f64a6/5462593a-d67a-462f-af10-30cd258c4b09_1851832349.jpeg?h=225&w=225
Kinsale Bay Food Co Tomato Basil Soup 400G,€2.85,,€7.12/kg,https://www.tesco.ie/groceries/en-IE/products/284216057,https://digitalcontent.api.tesco.com/v2/media/ghs/d699942d-c7d8-4282-bd64-4aac13194f13/1753c72c-a185-4f3d-93be-efb9bbf1172e_85714020.jpeg?h=225&w=225
Kinsale Bay Food Co Mushroom Soup 400G,€2.85,,€7.12/kg,https://www.tesco.ie/groceries/en-IE/products/284216132,https://digitalcontent.api.tesco.com/v2/media/ghs/ad41e47f-f7b3-4b25-8d19-a21154c37ee9/e9f353c3-2e0a-4f72-925c-a243bb7909c9_537385341.jpeg?h=225&w=225
