Title,Price,Promotional Price,Price Per,Product URL,Image URL
8 Snack Sausage Rolls 288G,€0.99,,€3.44/kg,https://www.tesco.ie/groceries/en-IE/products/303719856,https://digitalcontent.api.tesco.com/v2/media/ghs/4b31b4a8-8d9b-4343-8687-68aabea7c22d/snapshotimagehandler_1803529056.jpeg?h=225&w=225
Tesco 16 Cocktail Sausages Rolls 288G,€1.50,,€5.21/kg,https://www.tesco.ie/groceries/en-IE/products/309463013,https://digitalcontent.api.tesco.com/v2/media/ghs/a76a621b-e3c5-4725-8a67-b7d7011d81e1/0baa4863-638b-46af-945c-04027baa0c6d_1038907744.jpeg?h=225&w=225
Eastman's 4 Jumbo Sausages Rolls With Irish Pork 320G,€1.19,,€3.72/kg,https://www.tesco.ie/groceries/en-IE/products/309488220,https://digitalcontent.api.tesco.com/v2/media/ghs/b589d65c-2718-48c4-bab1-63334aa5be5d/b9c0a87f-7d2a-4a6a-86e8-12e91cdb8c78_431981449.jpeg?h=225&w=225
Tesco 2 Pizza Bases 440G,€3.09,,€7.02/kg,https://www.tesco.ie/groceries/en-IE/products/312991267,https://digitalcontent.api.tesco.com/v2/media/ghs/ec3470eb-9cbd-4130-ae92-7031f470639b/e30100d9-8c03-479c-aacd-1a647e4574f5_303936341.jpeg?h=225&w=225
Eastmans Cheese & Bacon Quiche 400G,€2.00,,€5.00/kg,https://www.tesco.ie/groceries/en-IE/products/300000109,https://digitalcontent.api.tesco.com/v2/media/ghs/3297970b-6582-4ade-ae7d-b3fe1b0b921f/cb4bab22-867f-48a2-bb0f-d4b3d0036ea9.jpeg?h=225&w=225
Mccolgans 4 Large Sausage Rolls 240G,€2.99,€2.00 Clubcard Price,€12.46/kg,https://www.tesco.ie/groceries/en-IE/products/282192870,https://digitalcontent.api.tesco.com/v2/media/ghs/bc90ce69-9f96-4244-ba26-be6119a6bec3/08b2c079-edc7-421d-ad0a-bec34eab83f5_257536890.jpeg?h=225&w=225
Mccolgans Chicken And Ham Pie 500G,€4.40,,€8.80/kg,https://www.tesco.ie/groceries/en-IE/products/275492433,https://digitalcontent.api.tesco.com/v2/media/ghs/22f90fe5-beec-42de-bddb-eaffe345e141/3a29e77d-9094-48ae-925c-5cf8359638cd_667931158.jpeg?h=225&w=225
Mogerley Steak And Kidney Pie 190G,€1.65,,€8.68/kg,https://www.tesco.ie/groceries/en-IE/products/275534039,https://digitalcontent.api.tesco.com/v2/media/ghs/fb353f70-39c4-442a-83f7-19f91c3a6ac6/b8136d28-6894-44e8-8569-c5a7f381e42b_836894924.jpeg?h=225&w=225
Tesco 5 Jumbo Sausage Rolls 400G,€3.00,,€7.50/kg,https://www.tesco.ie/groceries/en-IE/products/303719793,https://digitalcontent.api.tesco.com/v2/media/ghs/d9151c82-4a1d-49a8-8f5a-3f06c2eabbb2/snapshotimagehandler_2008434535.jpeg?h=225&w=225
Mogerley Chicken Curry Pie 190G,€1.65,,€8.68/kg,https://www.tesco.ie/groceries/en-IE/products/275533979,https://digitalcontent.api.tesco.com/v2/media/ghs/513d9550-f1e3-4801-86cc-8dd3a06465b0/f1b17180-eb8e-49ab-9115-3de993481ce7_557041724.jpeg?h=225&w=225
Mccolgans Steak And Gravy Pie 500G,€4.40,,€8.80/kg,https://www.tesco.ie/groceries/en-IE/products/275492393,https://digitalcontent.api.tesco.com/v2/media/ghs/77ea4f5d-b352-414d-9f86-06c6a3914963/92d7235d-7ec6-413e-88f1-00dce7b97df5_612864742.jpeg?h=225&w=225
Mogerley Chicken And Mushroom Pie 190G,€1.65,,€8.68/kg,https://www.tesco.ie/groceries/en-IE/products/275534097,https://digitalcontent.api.tesco.com/v2/media/ghs/eb726797-0810-4cb8-8f64-ae77731777c4/8da6b2db-4a3c-46c8-969f-bfc4bd6b8f98_695773162.jpeg?h=225&w=225
Tesco Continental Meat Platter 120G,€3.15,,€26.25/kg,https://www.tesco.ie/groceries/en-IE/products/266452276,https://digitalcontent.api.tesco.com/v2/media/ghs/59b01472-1290-495d-824f-12bb532d0d75/7073ff09-fcaa-429d-8ecf-a905c3079c97.jpeg?h=225&w=225
Tesco Spanish Inspired Selection 120G,€3.15,,€26.25/kg,https://www.tesco.ie/groceries/en-IE/products/304417532,https://digitalcontent.api.tesco.com/v2/media/ghs/6603d81d-9953-48ce-bbc8-2920e835d580/8126d02c-646a-4764-ba90-50ccd91e87d3_91439582.jpeg?h=225&w=225
Tesco Quiche Lorraine 400G,€2.99,,€7.48/kg,https://www.tesco.ie/groceries/en-IE/products/309782015,https://digitalcontent.api.tesco.com/v2/media/ghs/fff98558-3f1b-4ebc-87f1-e70593f452eb/6909e4e7-fc0e-4b82-a1fd-e486df812c3a_86200692.jpeg?h=225&w=225
Mccolgans Steak And Gravy Pie 190G,€1.99,,€10.47/kg,https://www.tesco.ie/groceries/en-IE/products/290112833,https://digitalcontent.api.tesco.com/v2/media/ghs/fa41d52c-aca2-4758-8cdc-b73aef03e887/e6db86c2-210d-4eae-9ccd-7f74fad5f43f_790853267.jpeg?h=225&w=225
Tesco Finest Maple Bacon & Extra Mature Cheddar Quiche 420G,€4.50,Any 2 for €8 Clubcard Price - Selected Tesco Finest* Prepared Foods 400g-420g,€10.71/kg,https://www.tesco.ie/groceries/en-IE/products/308457649,https://digitalcontent.api.tesco.com/v2/media/ghs/f19f32d7-4cc8-46bd-8c51-03e0029d7928/ff882440-124e-4691-b184-32ff65398967.jpeg?h=225&w=225
Mogerley Minced Steak And Onion Pie 190G,€1.65,,€8.68/kg,https://www.tesco.ie/groceries/en-IE/products/275534074,https://digitalcontent.api.tesco.com/v2/media/ghs/2cc8ede8-4410-433a-b4fd-4df90740e357/e880e6aa-750e-47b9-8f7b-9eb28e15453c_159593675.jpeg?h=225&w=225
Mccolgans Cottage Pie 190G,€1.99,,€10.47/kg,https://www.tesco.ie/groceries/en-IE/products/290113158,https://digitalcontent.api.tesco.com/v2/media/ghs/9427bf68-699b-4d9f-a034-c046ca839590/55a80d7f-3ff7-4c2f-867b-12736db73a97_410754111.jpeg?h=225&w=225
Tesco Finest Goats Cheese & Roasted Pepper Quiche 420G,€4.50,Any 2 for €8 Clubcard Price - Selected Tesco Finest* Prepared Foods 400g-420g,€10.71/kg,https://www.tesco.ie/groceries/en-IE/products/308452431,https://digitalcontent.api.tesco.com/v2/media/ghs/fb6ec986-2f0a-4592-a0a3-576f4397028d/9a151b57-fcd3-4561-ab1f-991fe623e4ff.jpeg?h=225&w=225
Tesco Finest Vintage Cheddar & Caramelised Onion Quiche 420G,€4.50,Any 2 for €8 Clubcard Price - Selected Tesco Finest* Prepared Foods 400g-420g,€10.71/kg,https://www.tesco.ie/groceries/en-IE/products/308859837,https://digitalcontent.api.tesco.com/v2/media/ghs/8bad1871-9faa-40fa-b2e5-680a27b16a14/ce67d05f-ac17-4bbc-885d-609bdf3a0879.jpeg?h=225&w=225
Tesco German Style Smoked Selection 120G,€3.15,,€26.25/kg,https://www.tesco.ie/groceries/en-IE/products/305970899,https://digitalcontent.api.tesco.com/v2/media/ghs/45b80eb2-d66c-45f7-9981-c859e7c18b35/331981fd-804d-484b-8f19-e2638a714eb6.jpeg?h=225&w=225
Eastmans Cheese & Onion Quiche 400G,€2.00,,€5.00/kg,https://www.tesco.ie/groceries/en-IE/products/300000081,https://digitalcontent.api.tesco.com/v2/media/ghs/36843ad0-5740-4d9e-8b0a-656f7bca3fe5/ce69e813-cb9b-420e-8586-92e5fe046f36.jpeg?h=225&w=225
Tesco 8 Gouda & Chorizo Rollitos 88G,€3.15,,€35.80/kg,https://www.tesco.ie/groceries/en-IE/products/297149440,https://digitalcontent.api.tesco.com/v2/media/ghs/a4579366-2d0e-4e80-a60b-5d31382a1c88/4a67e2c7-a6d9-43e9-8800-4775d0c1ff16.jpeg?h=225&w=225
Tesco 8 Iberico Cheese & Serrano Rollitos 88G,€3.15,,€35.80/kg DR.WT,https://www.tesco.ie/groceries/en-IE/products/305985726,https://digitalcontent.api.tesco.com/v2/media/ghs/dd4b4bfe-432e-4902-a678-65cff9494369/be24873d-4d9e-42ff-a020-f26f63b0109a_738342148.jpeg?h=225&w=225
Tesco Cheddar And Onion Quiche 400G,€3.00,,€7.50/kg,https://www.tesco.ie/groceries/en-IE/products/310177777,https://digitalcontent.api.tesco.com/v2/media/ghs/ef47eaf2-250d-42f0-b1fa-7d9aa05fc14c/b7f9f31b-f468-44c7-b33c-ea0a20df6eb9_1533303173.jpeg?h=225&w=225
Gourmet 2 Pork And Crml/Ron Sausage Rolls 260G,€3.99,€3.00 Clubcard Price,€15.35/kg,https://www.tesco.ie/groceries/en-IE/products/314819836,https://digitalcontent.api.tesco.com/v2/media/ghs/9da14e6b-a31f-4620-aae6-a0fe98858d0e/d60c5cdc-8d38-4490-91e2-93eb0528e2cf_911242924.jpeg?h=225&w=225
Mccolgans Chicken And Ham Pie 190G,€1.99,,€10.47/kg,https://www.tesco.ie/groceries/en-IE/products/290112983,https://digitalcontent.api.tesco.com/v2/media/ghs/34e6c10a-12c5-4ac1-87b5-b64f696b982a/ef319628-559f-452b-b13b-5f1605de25ba_370429637.jpeg?h=225&w=225
Tesco Italian Inspired Smoked Selection 120G,€3.15,,€26.25/kg,https://www.tesco.ie/groceries/en-IE/products/296233444,https://digitalcontent.api.tesco.com/v2/media/ghs/75765c83-ec10-430f-972c-3c5fb24258c3/1dcd40ba-4003-445c-8f20-d20c9abf0d72.jpeg?h=225&w=225
Snax On The Go Peppered Steak Slice 150G,€1.29,,€8.60/kg,https://www.tesco.ie/groceries/en-IE/products/311787727,https://digitalcontent.api.tesco.com/v2/media/ghs/089ab139-f777-49a8-ab43-1fe460245d5e/6812d18f-f2e5-4cd0-95a9-4b504c6ef148_1746712586.jpeg?h=225&w=225
Kearns 8 Mini Pork Sausage Rolls in Flaky puff pastry 248g,€3.39,,€13.67/kg,https://www.tesco.ie/groceries/en-IE/products/315351678,https://digitalcontent.api.tesco.com/v2/media/ghs/a2c6482c-c320-4fd1-9e61-481882a029dc/5ae5c10f-6c9f-40e0-a69b-ace13e232dc1_848893049.jpeg?h=225&w=225
Snax On The Go Spicy Chicken Slice 150G,€1.29,,€8.60/kg,https://www.tesco.ie/groceries/en-IE/products/312212693,https://digitalcontent.api.tesco.com/v2/media/ghs/f10d2e98-dc4e-4cf4-a4a4-d9b57a6fc97a/3e17f53f-0f67-4160-9dc5-c95a1be720f5_1820629983.jpeg?h=225&w=225
Mccolgans 4 Jumbo Sausage Roll 320G,€3.49,,€10.91/kg,https://www.tesco.ie/groceries/en-IE/products/275560163,https://digitalcontent.api.tesco.com/v2/media/ghs/ce9958bf-79f2-466c-abcc-f3b963e95b54/ef579dfd-3903-432b-8415-29877367cc70_760678992.jpeg?h=225&w=225
Snax On The Go Cheese & Onion Slice 150G,€1.29,,€8.60/kg,https://www.tesco.ie/groceries/en-IE/products/311946471,https://digitalcontent.api.tesco.com/v2/media/ghs/b9448ea2-1dcc-49a4-a79f-fb357c987972/fc21bb5e-dcd1-4a56-ad2e-6d621f6d28ee_1719610264.jpeg?h=225&w=225
Tesco Finest Camembert Centred Quiche 400g,€4.50,Any 2 for €8 Clubcard Price - Selected Tesco Finest* Prepared Foods 400g-420g,€11.25/kg,https://www.tesco.ie/groceries/en-IE/products/314101838,https://digitalcontent.api.tesco.com/v2/media/ghs/a8904be1-1442-44e7-ac26-d83b7f1fce6e/4278f7ac-a3c9-49da-9c34-ea042fee9904.jpeg?h=225&w=225
Snax On The Go Ham And Cheese Slice 150G,€1.29,,€8.60/kg,https://www.tesco.ie/groceries/en-IE/products/311935576,https://digitalcontent.api.tesco.com/v2/media/ghs/9238a590-e231-4b11-8e00-d8729d57d399/40a3647a-44e8-4f35-8199-3d46afc6ef96_28261670.jpeg?h=225&w=225
Gourmet 2 Pork And Pancetta Sausage Rolls 260G,€3.99,€3.00 Clubcard Price,€15.35/kg,https://www.tesco.ie/groceries/en-IE/products/314598557,https://digitalcontent.api.tesco.com/v2/media/ghs/d9e0f198-180e-42ff-97ce-11073d7e2509/39941748-5fd7-4721-9f59-502eb9596d94_827633533.jpeg?h=225&w=225
