Title,Price,Promotional Price,Price Per,Product URL,Image URL
Tesco Bananas Loose,€0.26,,€1.45/kg,https://www.tesco.ie/groceries/en-IE/products/275280804,https://digitalcontent.api.tesco.com/v2/media/ghs/8aa71a96-33b2-4ca1-9d57-cba9d6294247/7880fef6-0500-43a7-8445-6d55d1e32a61.jpeg?h=225&w=225
Tesco Small Bananas 6 Pack,€1.59,,€0.26/each,https://www.tesco.ie/groceries/en-IE/products/285157326,https://digitalcontent.api.tesco.com/v2/media/ghs/52c7be83-db31-4f0b-8779-32d2370672d9/024b94dc-0b69-4a14-ab58-529fc3e79c0d.jpeg?h=225&w=225
Tesco Blueberry 150G,€1.99,,€13.27/kg,https://www.tesco.ie/groceries/en-IE/products/304074280,https://digitalcontent.api.tesco.com/v2/media/ghs/85397ee0-fda3-4439-b0d0-229535fee232/408ca3a4-f53f-4171-9f7e-45b510cd4e5b_846476842.jpeg?h=225&w=225
Tesco Ripe & Ready Avocado,€0.99,,€0.99/each,https://www.tesco.ie/groceries/en-IE/products/255903025,https://digitalcontent.api.tesco.com/v2/media/ghs/17d98710-5d23-4f30-a0b5-4c454f3df157/87c8c438-37c4-4410-85a5-85d7a0e8e010.jpeg?h=225&w=225
Tesco Red Seedless Grapes 500G,€2.69,,€5.38/kg,https://www.tesco.ie/groceries/en-IE/products/260138854,https://digitalcontent.api.tesco.com/v2/media/ghs/3ade760e-5a67-452f-993a-b99dc8e58b6a/77cb31dd-4837-4a3e-842f-619b4a0c9e63.jpeg?h=225&w=225
Tesco Strawberry 227G,Currently out of stock,,,https://www.tesco.ie/groceries/en-IE/products/278001994,https://digitalcontent.api.tesco.com/v2/media/ghs/834023cf-8931-482b-8b2a-799cfd849394/166b4f4d-21ca-478b-9215-dbb339047564_44260473.jpeg?h=225&w=225
Tesco Fun-Sized Easy Peeler 500G,€0.99,59c Clubcard Price,€1.98/kg,https://www.tesco.ie/groceries/en-IE/products/288116774,https://digitalcontent.api.tesco.com/v2/media/ghs/9bde00ae-7127-447c-b546-d33547793aaf/snapshotimagehandler_38488965.jpeg?h=225&w=225
Tesco Raspberries 125G,€1.95,,€15.60/kg,https://www.tesco.ie/groceries/en-IE/products/256078792,https://digitalcontent.api.tesco.com/v2/media/ghs/13aabd0c-5e38-485a-b9dc-746a637a2c9e/6444dbef-731b-4bf4-b498-5398e3203b36_504014066.jpeg?h=225&w=225
Tesco Ripe Bananas 5 Pack,€1.89,€1.50 Clubcard Price,€0.38/each,https://www.tesco.ie/groceries/en-IE/products/266419328,https://digitalcontent.api.tesco.com/v2/media/ghs/54c35d62-4546-4361-9431-50dab88695fd/707aa633-461f-4373-bf7d-5c1295641921.jpeg?h=225&w=225
Tesco Fun-Sized Apples 10 Pack,€1.79,,€0.18/each,https://www.tesco.ie/groceries/en-IE/products/268508082,https://digitalcontent.api.tesco.com/v2/media/ghs/b0d55776-aa09-4856-9aef-3a48af4c5650/6b8b6994-093e-4255-8416-fc9417ca25cb_1257199050.jpeg?h=225&w=225
Tesco Seedless Grape Selection Pack 500G,€2.99,,€5.98/kg,https://www.tesco.ie/groceries/en-IE/products/260138514,https://digitalcontent.api.tesco.com/v2/media/ghs/514deebc-0028-4e71-a9f2-ed603eb4b541/0b4c4435-1275-4526-9818-93d1793a26c0.jpeg?h=225&w=225
Tesco Pink Lady Apple Each,€0.55,Any 5 for €2 Clubcard Price - Selected Tesco Apple Or Pear Or Kiwi Or Easy Peeler,€0.55/each,https://www.tesco.ie/groceries/en-IE/products/284182372,https://digitalcontent.api.tesco.com/v2/media/ghs/05e177a0-aed6-40d3-8763-804d8ae24b50/snapshotimagehandler_280265651.jpeg?h=225&w=225
Tesco Lemon Net 4 Pack,€1.32,,€0.33/each,https://www.tesco.ie/groceries/en-IE/products/303153545,https://digitalcontent.api.tesco.com/v2/media/ghs/9981fd65-f182-4baa-9631-691431f64523/97c74f84-72b2-4683-b1ad-40c83332b336_806741923.jpeg?h=225&w=225
Tesco Green Seedless Grapes Pack 500G,€2.69,,€5.38/kg,https://www.tesco.ie/groceries/en-IE/products/260138290,https://digitalcontent.api.tesco.com/v2/media/ghs/c4c566f3-9f98-4404-bf1d-46ba9be52e59/9736f980-51c6-4aa5-bd74-36566b93ceb5.jpeg?h=225&w=225
Tesco Organic Fair Trade Bananas 5 Pack,€1.89,,€0.38/each,https://www.tesco.ie/groceries/en-IE/products/303869954,https://digitalcontent.api.tesco.com/v2/media/ghs/de20882e-3b1f-4e69-b667-0203dd7e9a62/faf7ab2b-12a8-4a93-bc7d-e6f809e7afbc_466958296.jpeg?h=225&w=225
Tesco Pink Lady Apple Minimum 5 Pack,€2.99,,€0.60/each,https://www.tesco.ie/groceries/en-IE/products/284477542,https://digitalcontent.api.tesco.com/v2/media/ghs/f8ade93e-6ef9-4f80-8c41-23ac8d72b1fc/6ec59d9d-4bcd-401a-b986-ec6d9a99769d.jpeg?h=225&w=225
Kids Pink Lady Apple Tray 5 Pack,€2.19,,€0.44/each,https://www.tesco.ie/groceries/en-IE/products/303007973,https://digitalcontent.api.tesco.com/v2/media/ghs/202d794e-91fe-42a3-8c50-f4e3d5468327/b1c0b63a-7c5c-4c6e-9902-f422c87363bd.jpeg?h=225&w=225
Tesco Easy Peeler Pack 750G,€2.29,,€3.05/kg,https://www.tesco.ie/groceries/en-IE/products/303759559,https://digitalcontent.api.tesco.com/v2/media/ghs/fc0898ce-63b4-4957-87bc-9fafee7380c0/e4fb4ff5-b8fd-4391-a133-08543d36d13d.jpeg?h=225&w=225
Tesco Lemon And Lime Pack,€1.79,€1.19 Clubcard Price,€0.30/each,https://www.tesco.ie/groceries/en-IE/products/251193357,https://digitalcontent.api.tesco.com/v2/media/ghs/5dd89bda-bb57-4d64-a175-2cf7c18cba32/5deca280-5b87-4d9c-b3e6-e7ded3a8d96e.jpeg?h=225&w=225
Tesco Sweet Easy Peeler Box 1Kg,€3.29,,€3.29/kg,https://www.tesco.ie/groceries/en-IE/products/290526113,https://digitalcontent.api.tesco.com/v2/media/ghs/429a2328-9e65-4dfd-b83b-6e60cc3efd13/68c2340c-96af-4b42-aa6b-caa0daed44eb.jpeg?h=225&w=225
Tesco Granny Smith Apple Minimum 5 Pack,€1.59,,€0.26/each,https://www.tesco.ie/groceries/en-IE/products/284475832,https://digitalcontent.api.tesco.com/v2/media/ghs/bd5ce117-8ee6-46df-9a21-6c44ae4998c5/47b6490b-7dc4-4b5a-a1ca-05325e9586c7.jpeg?h=225&w=225
Tesco Limes 4 Pack,€0.99,,€0.25/each,https://www.tesco.ie/groceries/en-IE/products/303174831,https://digitalcontent.api.tesco.com/v2/media/ghs/3b5f3dc6-fd42-4103-999b-7ee8cb9dba8a/6819efe6-9b31-4418-a395-3c76bc0d47cd.jpeg?h=225&w=225
Tesco Blueberry 375G,€5.00,,€13.33/kg,https://www.tesco.ie/groceries/en-IE/products/296482989,https://digitalcontent.api.tesco.com/v2/media/ghs/f8f66e46-7ddb-416d-9672-c55314103f42/2bf06e35-8bf0-4a6c-ae6a-dbdbeb3eb922_1450331823.jpeg?h=225&w=225
Tesco Lemons Each,€0.45,,€0.45/each,https://www.tesco.ie/groceries/en-IE/products/253556398,https://digitalcontent.api.tesco.com/v2/media/ghs/f3c37287-6e96-4c28-b508-ea7a52dd404f/69f11f32-f7e8-4660-af8e-c0b59b1f6632.jpeg?h=225&w=225
Tesco Ripe & Ready Twin Pack Avocados,€2.19,,€1.10/each,https://www.tesco.ie/groceries/en-IE/products/265299741,https://digitalcontent.api.tesco.com/v2/media/ghs/cf836d32-ac72-40eb-a474-13cc9d695378/2df85eb8-2b9f-454d-b206-c950fd09406b.jpeg?h=225&w=225
Tesco Oranges Each,€0.55,Any 5 for €2 Clubcard Price - Selected Tesco Apple Or Pear Or Kiwi Or Easy Peeler,€0.55/each,https://www.tesco.ie/groceries/en-IE/products/253554014,https://digitalcontent.api.tesco.com/v2/media/ghs/20f4142a-75b2-480a-86e9-8fe3822bb80f/a9861baf-1fe8-4dff-b998-f2eae58fd3d7.jpeg?h=225&w=225
Tesco Honeydew Melon,€2.29,,€2.29/each,https://www.tesco.ie/groceries/en-IE/products/254384645,https://digitalcontent.api.tesco.com/v2/media/ghs/d5a4a5e3-c66d-42c4-852e-5baab58a9a43/77f96e41-f3e1-434b-9b0f-5fb8a9d45f74.jpeg?h=225&w=225
Tesco Pineapple,€1.19,99c Clubcard Price,€1.19/each,https://www.tesco.ie/groceries/en-IE/products/255230763,https://digitalcontent.api.tesco.com/v2/media/ghs/00217009-25d7-4ef2-b33b-8c3f541e2d83/a0858532-ba2b-4b09-bc3b-c74e4672bc99.jpeg?h=225&w=225
Tesco Conference Pear Each,€0.55,Any 5 for €2 Clubcard Price - Selected Tesco Apple Or Pear Or Kiwi Or Easy Peeler,€0.55/each,https://www.tesco.ie/groceries/en-IE/products/284183146,https://digitalcontent.api.tesco.com/v2/media/ghs/efa344ba-c790-4904-a7d7-b60f3b68b792/76f2dd85-e74b-4f66-bc1d-6588a7e28822.jpeg?h=225&w=225
Keelings Raspberry 125G,€2.99,,€23.92/kg,https://www.tesco.ie/groceries/en-IE/products/265585419,https://digitalcontent.api.tesco.com/v2/media/ghs/30a9ded7-32ff-4203-8265-75f8c9070c42/da88fd8a-7fdb-4955-bbb8-f6f169841dbe_614310363.jpeg?h=225&w=225
Bagu Naturally Sweet Easy Peelers 600G,€2.29,,€3.82/kg,https://www.tesco.ie/groceries/en-IE/products/308466379,https://digitalcontent.api.tesco.com/v2/media/ghs/67ee1f70-c7ac-49ed-a413-4d07a5ccb00f/6beb3244-3b64-4334-ae42-d3fcd1d560e4_821255405.jpeg?h=225&w=225
Keelings Strawberry 227G,€2.99,,€13.17/kg,https://www.tesco.ie/groceries/en-IE/products/274923634,https://digitalcontent.api.tesco.com/v2/media/ghs/bf1d5ac9-0b82-49b6-b525-f4f48888f0d9/8dc9cff5-c179-4990-9df3-e9fba0b9e9fa_1778964397.jpeg?h=225&w=225
Simplyfruit Watermelon Fans 300G,€1.49,,€4.97/kg,https://www.tesco.ie/groceries/en-IE/products/308828172,https://digitalcontent.api.tesco.com/v2/media/ghs/a9930ada-dc0e-41e0-8248-b7f09f8b4505/snapshotimagehandler_681917251.jpeg?h=225&w=225
Tesco Fun-Sized Pears Min 7 Pack,€1.29,,€0.18/each,https://www.tesco.ie/groceries/en-IE/products/266921263,https://digitalcontent.api.tesco.com/v2/media/ghs/b6ee7064-01fc-45f7-918e-1e1d5547226e/be3ccd31-55c2-40d0-98d4-64006c52fba4_582037424.jpeg?h=225&w=225
Tesco Ripen At Home Kiwi,€1.39,,€0.23/each,https://www.tesco.ie/groceries/en-IE/products/259417448,https://digitalcontent.api.tesco.com/v2/media/ghs/43676c3a-9502-499e-91c0-6990e86d50d3/9964bc63-5dbc-4870-a144-ef9e338bf2b3_445294732.jpeg?h=225&w=225
Tesco Juicing Orange Net 1.9Kg,Currently out of stock,,,https://www.tesco.ie/groceries/en-IE/products/305118625,https://digitalcontent.api.tesco.com/v2/media/ghs/e79308f9-baaf-4e61-bed3-e42fd3a5f402/7f93e0eb-4a4b-4731-995d-da0d55aa1202.jpeg?h=225&w=225
Tesco Gala Apple 7 Pack,€2.09,,€0.30/each,https://www.tesco.ie/groceries/en-IE/products/305138313,https://digitalcontent.api.tesco.com/v2/media/ghs/2a8279c0-e2f2-4960-a51d-4d799e1f2fd2/477fbaf8-98c5-4e9b-90d3-33f4380ba199_1437955838.jpeg?h=225&w=225
Farm Select Puro Gusto Ready To Eat Mango,€1.79,€1.09 Clubcard Price,€1.79/each,https://www.tesco.ie/groceries/en-IE/products/315384103,https://digitalcontent.api.tesco.com/v2/media/ghs/37758079-b5e6-4ced-9d0c-d47daa55c4b2/2ecfc22a-617a-4429-aea5-805c4e2d60f6_104729960.jpeg?h=225&w=225
Tesco Fun-Sized Apples 6 Pack,€0.89,59c Clubcard Price,€0.15/each,https://www.tesco.ie/groceries/en-IE/products/309193401,https://digitalcontent.api.tesco.com/v2/media/ghs/ef517377-e575-4b86-90fb-f5c2c8c3d516/7ecb3f1e-420f-48f8-8bce-1d2330ae110b.jpeg?h=225&w=225
Tesco Pink Lady Apple Fridge Minimum 4,€3.00,,€0.75/each,https://www.tesco.ie/groceries/en-IE/products/284477450,https://digitalcontent.api.tesco.com/v2/media/ghs/b599b39f-4e68-42bc-861a-09832828bb67/8af27e28-2042-4dcd-96c8-b3c7f7449d83.jpeg?h=225&w=225
Tesco Perfectly Ripe Conference Minimum 4 Pack Pear,€2.99,,€0.75/each,https://www.tesco.ie/groceries/en-IE/products/284475129,https://digitalcontent.api.tesco.com/v2/media/ghs/0077bc6e-6dd1-4034-bf51-b3c251e7e034/e48d3e85-c81c-41de-8bba-632d1cacd59c.jpeg?h=225&w=225
Keelings Blueberry 125G,€2.99,,€23.92/kg,https://www.tesco.ie/groceries/en-IE/products/283348599,https://digitalcontent.api.tesco.com/v2/media/ghs/846bb8d5-2b1f-49eb-952c-6b7dd7ca5cbf/4148d092-d382-4822-822b-87e7ca0a5cd8_1999025843.jpeg?h=225&w=225
Tesco Large Kiwi Fruit Each,€0.55,Any 5 for €2 Clubcard Price - Selected Tesco Apple Or Pear Or Kiwi Or Easy Peeler,€0.55/each,https://www.tesco.ie/groceries/en-IE/products/253554285,https://digitalcontent.api.tesco.com/v2/media/ghs/500d40b5-1116-4dd8-b962-94d1902b6816/d9c537cc-96ee-4efb-b65e-80dbc01b85f2_315904427.jpeg?h=225&w=225
Tesco Strawberry 400G,€3.99,,€9.98/kg,https://www.tesco.ie/groceries/en-IE/products/292962071,https://digitalcontent.api.tesco.com/v2/media/ghs/a1b6ac43-f1b3-495a-9ac4-a590258199da/4e2c55ca-ee0a-4fba-9b42-bab7aa4e0a84_1779660229.jpeg?h=225&w=225
Tesco Cashew Nuts 200G,€2.45,,€12.25/kg,https://www.tesco.ie/groceries/en-IE/products/266376222,https://digitalcontent.api.tesco.com/v2/media/ghs/77dfcca1-2e6b-456a-a95e-202e58b319a2/86d1707e-3f46-4c02-ab4a-bb897467d4ec.jpeg?h=225&w=225
Tesco Ripen At Home Conference Pears 1Kg,€2.65,,€2.65/kg,https://www.tesco.ie/groceries/en-IE/products/307749497,https://digitalcontent.api.tesco.com/v2/media/ghs/4da64e14-2496-4497-879a-27fd8411c8d6/5470b1ce-4ff7-4d85-a65b-df6d8e5b8d73.jpeg?h=225&w=225
Tesco Black Seedless Grapes 500G,€2.49,,€4.98/kg,https://www.tesco.ie/groceries/en-IE/products/262640958,https://digitalcontent.api.tesco.com/v2/media/ghs/62ba4965-5393-4fb1-ab6c-c0b466ff1b2b/a45c33e7-50d2-484a-a06c-e682577de7b0.jpeg?h=225&w=225
Keelings Family Pack Strawberry 400G,€4.79,,€11.98/kg,https://www.tesco.ie/groceries/en-IE/products/280573555,https://digitalcontent.api.tesco.com/v2/media/ghs/a0cab5fd-87e0-4b8f-9e92-ffc30bf5acef/0b25e7a1-5efe-4a11-ae00-3a701c36c31a_686156848.jpeg?h=225&w=225
Baby Cado's Perfectly Ripe Baby Avocados,€2.00,,€0.67/each,https://www.tesco.ie/groceries/en-IE/products/305713208,https://digitalcontent.api.tesco.com/v2/media/ghs/59e7373b-eb7b-455d-bc1f-9bb8f771d202/snapshotimagehandler_760246601.jpeg?h=225&w=225
Bagu Naturally Sweet Juicy Oranges 5 Pack,€2.99,,€0.60/each,https://www.tesco.ie/groceries/en-IE/products/310695359,https://digitalcontent.api.tesco.com/v2/media/ghs/d909b7fe-d882-4e69-a47b-500d731eb3ae/468eb0ed-8967-479c-a50f-9d836318bdbb_1088639457.jpeg?h=225&w=225
Tesco Watermelon,€4.25,,€4.25/each,https://www.tesco.ie/groceries/en-IE/products/254638605,https://digitalcontent.api.tesco.com/v2/media/ghs/11492337-0b8e-437b-b77d-d909b47d01fd/e15c1f69-67a2-455d-8139-c8036e2f48bd.jpeg?h=225&w=225
Tesco Golden Delicious Apple Minimum 5 Pack,Currently out of stock,,,https://www.tesco.ie/groceries/en-IE/products/284475890,https://digitalcontent.api.tesco.com/v2/media/ghs/dea69143-b6dc-4ae9-a54a-d4386bd526ac/be17c802-7c1e-4175-99a0-19a703524a1f.jpeg?h=225&w=225
Keelings Blackberries 125G,Currently out of stock,,,https://www.tesco.ie/groceries/en-IE/products/266724485,https://digitalcontent.api.tesco.com/v2/media/ghs/12939fd2-dba0-4d43-a3c8-825a37fb3ca2/9ca93db4-5bdf-42bf-9034-57407214e4b4_1625338053.jpeg?h=225&w=225
Tesco Chia Seeds 150G,€1.39,,€9.27/kg,https://www.tesco.ie/groceries/en-IE/products/290594510,https://digitalcontent.api.tesco.com/v2/media/ghs/bb861872-3d63-4f5e-b6ae-62292eb718ed/d32d406d-abd2-49d9-8b94-1ba8f5be84f3.jpeg?h=225&w=225
Chiquita Banana 1Kg,€2.69,,€2.69/kg,https://www.tesco.ie/groceries/en-IE/products/307754489,https://digitalcontent.api.tesco.com/v2/media/ghs/462a1ef2-92a6-439c-bb0d-e4e642924e12/863d4ddd-2a4a-40e0-ad3e-e3cc2b05d113_907349957.jpeg?h=225&w=225
Tesco Perfectly Ripe Kiwi,€2.19,,€2.19/each,https://www.tesco.ie/groceries/en-IE/products/252496118,https://digitalcontent.api.tesco.com/v2/media/ghs/e9447a52-d552-4fce-af79-4a825f84b1fe/7a7979ca-20dc-4d2d-839c-5a150c86c878.jpeg?h=225&w=225
Tesco Walnuts 200G,€2.69,,€13.45/kg,https://www.tesco.ie/groceries/en-IE/products/296546961,https://digitalcontent.api.tesco.com/v2/media/ghs/4a77dbab-ec52-44ed-bea1-d0a50ad5f3d9/7726c1b7-5cf6-43c2-8129-06760a0069b0.jpeg?h=225&w=225
Tesco Galia Melon Each,€2.29,,€2.29/each,https://www.tesco.ie/groceries/en-IE/products/254385356,https://digitalcontent.api.tesco.com/v2/media/ghs/75fca8b1-cd52-410a-8568-dfbc987a717b/a9064ce6-ae01-4f51-9826-835a8ac955aa.jpeg?h=225&w=225
Tesco Finest Black Grapes Seedless 400G,€2.99,Any 2 for €5.50 Clubcard Price - Selected Tesco Finest* Grapes Seedless Or Strawberries Or Raspberries,€7.48/kg,https://www.tesco.ie/groceries/en-IE/products/310164562,https://digitalcontent.api.tesco.com/v2/media/ghs/12444ecb-349b-4ca9-a0ac-6ca954e27713/64597a2b-852b-4a0d-838b-a64b17cb74c8_1170081877.jpeg?h=225&w=225
Tesco Almonds 200G,€2.20,,€11.00/kg,https://www.tesco.ie/groceries/en-IE/products/266357101,https://digitalcontent.api.tesco.com/v2/media/ghs/ff7c9829-557a-4c70-a229-30278b77cb75/018650a6-a584-4ab3-a52d-d513cb925a20.jpeg?h=225&w=225
Tesco Finest Blueberries 125G,Currently out of stock,,,https://www.tesco.ie/groceries/en-IE/products/311941447,https://digitalcontent.api.tesco.com/v2/media/ghs/58d5e510-5c9d-467b-8a74-519e6893fc9a/336e5696-598b-4cb4-8cbc-7844f97f403a_2130023298.jpeg?h=225&w=225
Tesco Perfectly Ripe Mango,€0.99,,€0.99/each,https://www.tesco.ie/groceries/en-IE/products/255805844,https://digitalcontent.api.tesco.com/v2/media/ghs/811d18b0-03c5-4aae-8db7-1acd06f37895/382d75d5-4e16-4673-ada7-0cd2dedbd558.jpeg?h=225&w=225
Tesco Dried Mango 100G,€1.49,,€14.90/kg,https://www.tesco.ie/groceries/en-IE/products/260733201,https://digitalcontent.api.tesco.com/v2/media/ghs/bd489df4-8369-48db-a9c7-d4a764806c67/931c9733-1ab7-4783-a382-c801dd988da4.jpeg?h=225&w=225
Zespri Sungold Kiwi 3 Pack,€2.19,,€0.73/each,https://www.tesco.ie/groceries/en-IE/products/310685008,https://digitalcontent.api.tesco.com/v2/media/ghs/2f5f6060-45a6-4058-ac72-86ff7cf0dd6a/1bf361ab-9fde-418d-a299-bc0dd7173a9e_1105722587.jpeg?h=225&w=225
Tesco Emperor Orange Tray 4 Pack,€2.19,,€0.55/each,https://www.tesco.ie/groceries/en-IE/products/290526096,https://digitalcontent.api.tesco.com/v2/media/ghs/a165e566-6c67-4306-a864-7c108a40bb17/821b5320-261c-420b-b70b-e3cfc65d0915.jpeg?h=225&w=225
Suntrail Farms Ripen At Home Plum 400G,€1.19,,€2.98/kg,https://www.tesco.ie/groceries/en-IE/products/292275580,https://digitalcontent.api.tesco.com/v2/media/ghs/7db35310-fb6a-4168-9475-38e3d77f4960/bf684860-89d7-4175-9bf6-28e7073f4332_54619854.jpeg?h=225&w=225
Keeling Perfectly Ripe Conference Pear 6 Pack,€2.99,,€0.50/each,https://www.tesco.ie/groceries/en-IE/products/313389504,https://digitalcontent.api.tesco.com/v2/media/ghs/fb3d2a84-bc7d-46c9-95ae-0d5bc392e1cf/b6c19cdb-b1a5-4f94-aa57-70368a3631c6.jpeg?h=225&w=225
Tesco Ready To Eat Seasonal Pears 4Pack 550G,€2.75,,€5.00/kg,https://www.tesco.ie/groceries/en-IE/products/284475164,https://digitalcontent.api.tesco.com/v2/media/ghs/5bb69def-62f0-4aab-ad1d-176cc785a8ed/3edd2648-35be-4e90-9a88-9989fa179c0e.jpeg?h=225&w=225
Bagu Fresh And Tangy Grapefruit 3 Pack,€1.99,,€0.66/each,https://www.tesco.ie/groceries/en-IE/products/310673731,https://digitalcontent.api.tesco.com/v2/media/ghs/0a4a91b1-a495-49e7-b008-8cde63e71c51/8eee7e96-370f-45f7-8c4b-8e7042957777.jpeg?h=225&w=225
Tesco Ready To Eat Large Avocados Each,€1.59,€1.09 Clubcard Price,€1.59/each,https://www.tesco.ie/groceries/en-IE/products/265299361,https://digitalcontent.api.tesco.com/v2/media/ghs/a57baf54-7752-477e-835f-924e398329a6/1c1d76b1-7919-4cb1-872c-ef968e5eaf19.jpeg?h=225&w=225
Tesco Mixed Nuts 200G,€2.65,,€13.25/kg,https://www.tesco.ie/groceries/en-IE/products/266375033,https://digitalcontent.api.tesco.com/v2/media/ghs/23ea8351-aafc-4b33-882d-454314802242/7f3badc1-a018-4ed9-9b24-5225361dc41f.jpeg?h=225&w=225
Tesco Gala Apple 4 Pack,Currently out of stock,,,https://www.tesco.ie/groceries/en-IE/products/284477156,https://digitalcontent.api.tesco.com/v2/media/ghs/ea432166-cf84-4d3b-aa0d-8fd2e3a7cc9d/snapshotimagehandler_1332297147.jpeg?h=225&w=225
Farm Select Pomegranates,Currently out of stock,,,https://www.tesco.ie/groceries/en-IE/products/315144745,https://digitalcontent.api.tesco.com/v2/media/ghs/29e36f67-9f46-4c5b-81be-0027dfcf8589/f13131d3-e0f8-4449-b602-c60e825b8e55_369275345.jpeg?h=225&w=225
Tesco Wholefoods Pine Nuts 100G,€3.69,,€36.90/kg,https://www.tesco.ie/groceries/en-IE/products/254142569,https://digitalcontent.api.tesco.com/v2/media/ghs/90bc2d78-c337-4d2c-83b4-4fee0082b81e/ffa7818e-6f83-41d7-a3c2-5fd13d4c1f01.jpeg?h=225&w=225
Tesco Finest Green Grapes Seedless 400G,Currently out of stock,,,https://www.tesco.ie/groceries/en-IE/products/310190668,https://digitalcontent.api.tesco.com/v2/media/ghs/bc5f2011-f675-4e54-8dc8-63ba6348161e/d8b85b40-8fcd-4e5c-bcd4-9aabd082ebd7.jpeg?h=225&w=225
Tesco Limes Each,Currently out of stock,,,https://www.tesco.ie/groceries/en-IE/products/253560634,https://digitalcontent.api.tesco.com/v2/media/ghs/d0d4e386-0420-4d3f-8ad6-511457f2a69f/9fcd4d42-cb9f-4777-8251-8d541abf1d46.jpeg?h=225&w=225
Tesco Bramley Cooking Apples Loose,€0.55,,€2.19/kg,https://www.tesco.ie/groceries/en-IE/products/253558033,https://digitalcontent.api.tesco.com/v2/media/ghs/6087c9de-e141-430e-a883-f8faca34ee71/b10f541b-7f0f-45f5-acd1-5bcb47d44835.jpeg?h=225&w=225
Keelings Irish Bramley Apple Bag 900G,€1.79,€1.39 Clubcard Price,€1.99/kg,https://www.tesco.ie/groceries/en-IE/products/305367289,https://digitalcontent.api.tesco.com/v2/media/ghs/88246ab1-3d44-4479-aecf-e8b7bd9953ee/9a57d343-6a71-43d9-ac6a-7e9e62e806d3_224944775.jpeg?h=225&w=225
Tesco Cantaloupe Melon Each,€2.19,,€2.19/each,https://www.tesco.ie/groceries/en-IE/products/256582085,https://digitalcontent.api.tesco.com/v2/media/ghs/fdb6c884-638c-45b3-b924-1469584b7019/88271bd1-bac9-4b1b-ab52-2c0c29cc1d93.jpeg?h=225&w=225
Tesco Cranberries 100G,€1.46,,€14.60/kg,https://www.tesco.ie/groceries/en-IE/products/305585658,https://digitalcontent.api.tesco.com/v2/media/ghs/f722f230-7f6e-4c03-8c67-8c4ee133e7ef/snapshotimagehandler_1031198921.jpeg?h=225&w=225
Tesco Large Selection Grapes 800G Pack,€3.99,,€4.99/kg,https://www.tesco.ie/groceries/en-IE/products/294076120,https://digitalcontent.api.tesco.com/v2/media/ghs/c2ee3257-c10a-4499-b500-91b6bae814e3/707602fa-6a9c-4b1a-a44d-94eed8cf7fb5.jpeg?h=225&w=225
Bagu Naturally Sweet Juicy Oranges 4 Pack,€2.99,,€0.75/each,https://www.tesco.ie/groceries/en-IE/products/312105503,https://digitalcontent.api.tesco.com/v2/media/ghs/684c2cef-3bbf-4fc2-84e3-123a1bf5dceb/0345b994-d59d-4b0d-a5e6-3dfc87270411.jpeg?h=225&w=225
Lapaz Organic Lemon 500G,€1.89,,€3.78/kg,https://www.tesco.ie/groceries/en-IE/products/308455111,https://digitalcontent.api.tesco.com/v2/media/ghs/9e471cbc-fa09-4df2-b894-7d9fca880a46/e0adeda2-27d4-4132-8eb6-1cf909b9a64a.jpeg?h=225&w=225
Tesco Finest Red Grapes Seedless 400G,€2.99,Any 2 for €5.50 Clubcard Price - Selected Tesco Finest* Grapes Seedless Or Strawberries Or Raspberries,€7.48/kg,https://www.tesco.ie/groceries/en-IE/products/310094990,https://digitalcontent.api.tesco.com/v2/media/ghs/a0e71d5a-549c-4c0b-b4a0-91bc33f7a519/5e1824dc-c8f3-41bf-87ee-3955a91e0976.jpeg?h=225&w=225
Farm Select Passionfruit 3pk,€1.29,,€0.43/each,https://www.tesco.ie/groceries/en-IE/products/314935427,https://digitalcontent.api.tesco.com/v2/media/ghs/455bfcf8-4088-4959-94e0-201236cb3e93/669caa7b-3746-4e08-8f1a-850027c18064_17353917.jpeg?h=225&w=225
Honeycrunch Apple 6 Pack,€3.00,,€0.50/each,https://www.tesco.ie/groceries/en-IE/products/306803953,https://digitalcontent.api.tesco.com/v2/media/ghs/65f3df7b-6519-4111-b90c-f4111e33ddcb/174397b7-2cc7-4180-affe-46fd7286083c.jpeg?h=225&w=225
Tesco Cranberries 300G,Currently out of stock,,,https://www.tesco.ie/groceries/en-IE/products/264878186,https://digitalcontent.api.tesco.com/v2/media/ghs/2386cbb8-3639-434c-aa8d-f06a5a4da083/99cf2748-7113-416d-9f7f-fc5994d0f01a_1705803711.jpeg?h=225&w=225
Tesco Brazil Nuts 200G,€2.52,,€12.60/kg,https://www.tesco.ie/groceries/en-IE/products/302685533,https://digitalcontent.api.tesco.com/v2/media/ghs/b4c05c23-c494-4e9c-9eb3-fc1c62b206f4/14e4f82c-59c7-4de8-8014-76db8bb74040.jpeg?h=225&w=225
Keelings Irish Bramley Apple 4 Pack,€1.99,,€0.50/each,https://www.tesco.ie/groceries/en-IE/products/265590551,https://digitalcontent.api.tesco.com/v2/media/ghs/9fca3117-8a80-4410-bf9c-0a7514b4d02c/8c613a93-8762-46cc-b8b4-3680131d5815_1247679432.jpeg?h=225&w=225
Tesco Braeburn Apple 5 Pack,Currently out of stock,,,https://www.tesco.ie/groceries/en-IE/products/284475671,https://digitalcontent.api.tesco.com/v2/media/ghs/8e5eb1c1-e8e6-4624-830e-ff5a42928ec2/3d5d9cf9-aa67-4497-a15b-4e56471524d6.jpeg?h=225&w=225
Blue Whale Organic Premium Red Apples 4 Pack,€2.99,,€0.75/each,https://www.tesco.ie/groceries/en-IE/products/308857062,https://digitalcontent.api.tesco.com/v2/media/ghs/e23561a2-01a2-44fb-b1cf-524797b6179d/de22bcdb-1d23-4708-89aa-3ac0e55e465d_1712238932.jpeg?h=225&w=225
Bagu Naturally Sweet Leafy Clementines 750G,€2.99,,€3.99/kg,https://www.tesco.ie/groceries/en-IE/products/308461345,https://digitalcontent.api.tesco.com/v2/media/ghs/067105fe-2eaf-4628-9132-09a456423d79/b53bbe52-8157-4866-b438-4456be1ee919_589423470.jpeg?h=225&w=225
Tesco Flax Seeds 150G,€1.39,,€9.27/kg,https://www.tesco.ie/groceries/en-IE/products/290594532,https://digitalcontent.api.tesco.com/v2/media/ghs/ca307c20-079f-44fb-be0e-d59131665b28/9a111f7f-56bb-40be-a845-a59477c7248c_1746842150.jpeg?h=225&w=225
Simplyfruit Melon Medley 300G,€2.29,,€7.63/kg,https://www.tesco.ie/groceries/en-IE/products/308470991,https://digitalcontent.api.tesco.com/v2/media/ghs/0781a8c6-0f56-47c2-bb56-e5c1a2cff849/6fbf25ca-4a0c-4a91-b988-95fefad5dfa9_1816442314.jpeg?h=225&w=225
Tesco Gala Apple Each,€0.55,Any 5 for €2 Clubcard Price - Selected Tesco Apple Or Pear Or Kiwi Or Easy Peeler,€0.55/each,https://www.tesco.ie/groceries/en-IE/products/284182579,https://digitalcontent.api.tesco.com/v2/media/ghs/302f7796-456b-42f8-b53e-219b39672355/840f4f32-11e5-4fef-beb1-d8890e4cc10b_1062369376.jpeg?h=225&w=225
Keelings Mixed Berry Twin Pack 200G,€4.00,,€20.00/kg,https://www.tesco.ie/groceries/en-IE/products/298383700,https://digitalcontent.api.tesco.com/v2/media/ghs/cfbf580a-4485-457e-9587-58bf60aa875b/5b9ae4e0-78c1-4d50-8efb-863616bdb008_1422219499.jpeg?h=225&w=225
Tesco Soft Pitted Dates 250G,€2.69,,€10.76/kg,https://www.tesco.ie/groceries/en-IE/products/274171043,https://digitalcontent.api.tesco.com/v2/media/ghs/eb3c1f7b-e465-4191-92bc-44739d104e49/cd4f9e1a-4898-4630-a4e1-a31c0d330cd6.jpeg?h=225&w=225
Keelings Mixed Fruit Platter 360G,€5.29,,€14.69/kg,https://www.tesco.ie/groceries/en-IE/products/297187479,https://digitalcontent.api.tesco.com/v2/media/ghs/90f9cecd-d324-41a5-b07c-4623a4d540df/139db788-df06-4467-bc66-d89938895c9a_1693324098.jpeg?h=225&w=225
Tesco Milled Flax Seed Mix 175G,€2.69,,€15.37/kg,https://www.tesco.ie/groceries/en-IE/products/302677255,https://digitalcontent.api.tesco.com/v2/media/ghs/095e0811-1b45-484f-b918-fd6406a69334/c7f91426-7990-440a-9da8-2c2d7004cff2.jpeg?h=225&w=225
Sowan's Pecan Nuts 100G,€1.99,,€19.90/kg,https://www.tesco.ie/groceries/en-IE/products/287248432,https://digitalcontent.api.tesco.com/v2/media/ghs/179c7616-74d5-455e-85ff-d51e254d4430/snapshotimagehandler_1871098112.jpeg?h=225&w=225
Tesco Sunflower Seeds 150G,€1.39,,€9.27/kg,https://www.tesco.ie/groceries/en-IE/products/266386982,https://digitalcontent.api.tesco.com/v2/media/ghs/b196f624-ea43-48e4-a9b9-edd455370647/94fd906e-32a4-4e24-b309-c573e55a96f0.jpeg?h=225&w=225
Simplyfruit Pineapple Chunks 320G,€3.00,,€9.38/kg,https://www.tesco.ie/groceries/en-IE/products/308826024,https://digitalcontent.api.tesco.com/v2/media/ghs/b00af167-3f0d-4248-b438-a36e40ea34ae/91d7d6a1-bd12-41bd-a208-e7a60a07dc9a_600353538.jpeg?h=225&w=225
Tesco Goji Berries 100G,€2.29,,€22.90/kg,https://www.tesco.ie/groceries/en-IE/products/262860352,https://digitalcontent.api.tesco.com/v2/media/ghs/f7d402eb-4912-4084-bf1c-4ddfdab6438a/b3d57e65-30bd-4516-a92a-7e211bf2370f.jpeg?h=225&w=225
Tesco Honeycrunch Apples 4 Pack,€3.00,,€0.75/each,https://www.tesco.ie/groceries/en-IE/products/305118458,https://digitalcontent.api.tesco.com/v2/media/ghs/23e217d8-072b-419f-a65c-f5d574c7ff4e/091f8231-a432-494a-8a89-58acf8c738e8.jpeg?h=225&w=225
Tesco Finest Roasted Nut Selection 190G,€3.99,,€21.00/kg,https://www.tesco.ie/groceries/en-IE/products/302677029,https://digitalcontent.api.tesco.com/v2/media/ghs/ac2c8ddf-f65f-4ee5-a915-fc70556fc186/c0efa02b-3d43-4bf6-b5e0-c16aedbbb44d_1582232617.jpeg?h=225&w=225
Sun Exotics Salted Pretzels 200G,€3.30,,€16.50/kg,https://www.tesco.ie/groceries/en-IE/products/305966634,https://digitalcontent.api.tesco.com/v2/media/ghs/b268c947-21dd-49e7-9953-cfa0eac3d565/snapshotimagehandler_1732474179.jpeg?h=225&w=225
Keelings Orange Each,€0.55,,€0.55/each,https://www.tesco.ie/groceries/en-IE/products/312840398,https://digitalcontent.api.tesco.com/v2/media/ghs/8c4a8bd9-f342-441c-8813-454efe97c5c3/6aae2e87-5bfe-4a1b-a5af-dd27b8def221_2010123347.jpeg?h=225&w=225
Tesco Granny Smith Apple Each,€0.55,Any 5 for €2 Clubcard Price - Selected Tesco Apple Or Pear Or Kiwi Or Easy Peeler,€0.55/each,https://www.tesco.ie/groceries/en-IE/products/284182692,https://digitalcontent.api.tesco.com/v2/media/ghs/755b7969-2c12-4553-bddd-8ecb05b0214e/74450ceb-4704-4a16-ac60-1ccd6f1c9b11_392832996.jpeg?h=225&w=225
Simplyfruit Pineapple Fingers 400G,€3.75,,€9.38/kg,https://www.tesco.ie/groceries/en-IE/products/309206676,https://digitalcontent.api.tesco.com/v2/media/ghs/9d2d2633-3555-43dd-97f2-f9341cdb306c/snapshotimagehandler_1970884545.jpeg?h=225&w=225
Tesco Kanzi Apples 4 Pack,€3.00,,€0.75/each,https://www.tesco.ie/groceries/en-IE/products/305296539,https://digitalcontent.api.tesco.com/v2/media/ghs/9f148d02-3cf8-486d-83b8-a23514c068d9/36152859-1b06-42b5-a041-298c0b3f1f79.jpeg?h=225&w=225
Sowan's Cranberries 100G,€1.49,,€14.90/kg,https://www.tesco.ie/groceries/en-IE/products/287249670,https://digitalcontent.api.tesco.com/v2/media/ghs/915e3075-8aa5-4998-bc30-c3cb8a515971/snapshotimagehandler_635761529.jpeg?h=225&w=225
Tesco Milled Flax Pumpkin & Chia Seed Mix 175G,€2.45,,€14.00/kg,https://www.tesco.ie/groceries/en-IE/products/302677278,https://digitalcontent.api.tesco.com/v2/media/ghs/1cd72971-cd1a-4edf-968d-63f76cab2675/872e41b9-ecdf-4b4b-8431-dcb8a466be8a.jpeg?h=225&w=225
Keelings Gold Extra Large Pineapple,€2.99,,€0.50/each,https://www.tesco.ie/groceries/en-IE/products/305367306,https://digitalcontent.api.tesco.com/v2/media/ghs/1572880d-cf7e-4b81-a44b-20876bb0a9f7/efb7bf1c-e03a-430a-8f53-40b9a8d11585_26558442.jpeg?h=225&w=225
Tesco Prunes 250G,€3.29,,€13.16/kg,https://www.tesco.ie/groceries/en-IE/products/258056187,https://digitalcontent.api.tesco.com/v2/media/ghs/f85cff73-d42c-4e09-a52d-f1042a4f02c3/dd5c8009-98d2-43c6-9492-c0c1fcd3d7f9.jpeg?h=225&w=225
Qtee Pears 4 Pack,€2.29,,€0.57/each,https://www.tesco.ie/groceries/en-IE/products/312577787,https://digitalcontent.api.tesco.com/v2/media/ghs/11c0b7d9-9d45-435e-bc77-cfe04d8575ff/6355d476-c54a-483a-8db3-979b8cc4e692.jpeg?h=225&w=225
Total Organics Organic Kiwi 500G,€2.49,,€4.98/kg,https://www.tesco.ie/groceries/en-IE/products/306650620,https://digitalcontent.api.tesco.com/v2/media/ghs/173f89c5-1b35-4482-9504-cabd2c4b6c7d/snapshotimagehandler_640331773.jpeg?h=225&w=225
Bagu Seedless Lemons 3 Pack,€1.45,,€0.48/each,https://www.tesco.ie/groceries/en-IE/products/312846150,https://digitalcontent.api.tesco.com/v2/media/ghs/4507c8e3-b4da-4756-81dd-1dd645f61ac4/f6a710ed-f5e5-4fbb-b9fb-df26eef744d8.jpeg?h=225&w=225
Tesco Irish Apple 6 Pack,€1.99,,€0.33/each,https://www.tesco.ie/groceries/en-IE/products/284477179,https://digitalcontent.api.tesco.com/v2/media/ghs/a1cc3ce9-983d-41a9-a905-e77ec1c55949/1191cdf9-bb90-43f4-9729-d84ce091823e_677259123.jpeg?h=225&w=225
Simplyfruit Pineapple Chunks 130G,€1.45,,€11.15/kg,https://www.tesco.ie/groceries/en-IE/products/308858078,https://digitalcontent.api.tesco.com/v2/media/ghs/60f91c89-95f8-4274-97ee-160a02932acb/snapshotimagehandler_125978986.jpeg?h=225&w=225
Tesco Oranges 4 Pack,€0.89,59c Clubcard Price,€0.22/each,https://www.tesco.ie/groceries/en-IE/products/309478416,https://digitalcontent.api.tesco.com/v2/media/ghs/43460a0a-07c6-43e4-a4df-157900fd66ce/99e738f2-5e42-4dbd-8793-1bff920a9a2b_2122108936.jpeg?h=225&w=225
Bagu Naturally Sweet Easy Peelers 2.3Kg,€6.50,,€2.83/kg,https://www.tesco.ie/groceries/en-IE/products/305965065,https://digitalcontent.api.tesco.com/v2/media/ghs/28eb3dd8-d049-44b3-9ad6-2dc4d5624a96/3abfbaec-7e7d-4952-b3fa-76c37308197b_977623686.jpeg?h=225&w=225
Keelings Best In Season Red Apples 4 Pack,€2.99,,€0.75/each,https://www.tesco.ie/groceries/en-IE/products/312362407,https://digitalcontent.api.tesco.com/v2/media/ghs/47c1e6df-5a66-4ce2-adcd-6ce0a8d80cf9/38190032-3662-432c-955f-d96386cd9b51.jpeg?h=225&w=225
Tesco Soft Figs 250G,€2.69,,€10.76/kg,https://www.tesco.ie/groceries/en-IE/products/258058058,https://digitalcontent.api.tesco.com/v2/media/ghs/c2552385-afee-4694-b788-a5f9d64a3d8d/d46914a0-5cc8-4d7c-94b0-1a89edbdfc3c_2002927869.jpeg?h=225&w=225
Tesco Apple Snack Pack 80G,€0.75,Meal Deal for €4.49 - Buy Any 1 Pasta Or Wrap Or Sandwich Or Salad Or Sushi & 1 Crisp Or Fruit & 1 Drink,€9.38/kg,https://www.tesco.ie/groceries/en-IE/products/286681924,https://digitalcontent.api.tesco.com/v2/media/ghs/971c3f2d-7c61-4625-808e-f2f8c90659e7/dfaa440f-9d75-4e3d-95b6-73fce15fbb57.jpeg?h=225&w=225
Simplyfruit Exotic Fruit Salad 280G,€3.00,,€10.71/kg,https://www.tesco.ie/groceries/en-IE/products/313950560,https://digitalcontent.api.tesco.com/v2/media/ghs/ed7813d6-17cd-4279-8a00-71e2626c5e7f/d0ec0f00-42c2-4887-ab36-b009bb710f5c_1835783670.jpeg?h=225&w=225
Sun Exotics Sesame Sticks 300G,€3.30,,€11.00/kg,https://www.tesco.ie/groceries/en-IE/products/305947421,https://digitalcontent.api.tesco.com/v2/media/ghs/5ad6ec03-eefa-4bd3-a5b1-f6d8e6eeaeff/snapshotimagehandler_858049495.jpeg?h=225&w=225
Tesco Pecan Nuts 100G,€2.49,,€24.90/kg,https://www.tesco.ie/groceries/en-IE/products/266375275,https://digitalcontent.api.tesco.com/v2/media/ghs/077a4cbb-2cae-49c5-9f60-ead56e25f8c9/5439cab5-5a0f-498b-a143-5f646c2bc9a9.jpeg?h=225&w=225
Dole Be Exotic Avocado 2 pack,€2.99,,€1.50/each,https://www.tesco.ie/groceries/en-IE/products/313842481,https://digitalcontent.api.tesco.com/v2/media/ghs/890272d0-7418-4966-a7fb-f22d49fe7f98/9c3a2881-5e1e-40c9-a61d-a931c159d306_1005639409.jpeg?h=225&w=225
Tesco Soft Apricots 250G,€3.29,,€13.16/kg,https://www.tesco.ie/groceries/en-IE/products/258057537,https://digitalcontent.api.tesco.com/v2/media/ghs/9efd8b29-1436-4d45-a746-3f9985328c8f/ec78e291-aaf5-4a14-8f99-8a7697a595c3.jpeg?h=225&w=225
Tesco Pistachio 200G,€4.49,,€22.45/kg,https://www.tesco.ie/groceries/en-IE/products/268584786,https://digitalcontent.api.tesco.com/v2/media/ghs/9cc21a55-5aee-4681-a3dd-3fab86637b2f/snapshotimagehandler_1226520793.jpeg?h=225&w=225
Sowan's Mixed Seeds 100G,€1.49,,€14.90/kg,https://www.tesco.ie/groceries/en-IE/products/287249543,https://digitalcontent.api.tesco.com/v2/media/ghs/340d8cfc-0e7d-4612-b43e-a175e0f06a2e/snapshotimagehandler_615683784.jpeg?h=225&w=225
Tesco Milled Sunflower And Goji Seed Mix 175G,€2.45,,€14.00/kg,https://www.tesco.ie/groceries/en-IE/products/302677290,https://digitalcontent.api.tesco.com/v2/media/ghs/80348994-4272-495b-8d28-3ec281640c41/snapshotimagehandler_1731483924.jpeg?h=225&w=225
Tesco Macadamia Nuts 100G,€2.75,,€27.50/kg,https://www.tesco.ie/groceries/en-IE/products/315153567,https://digitalcontent.api.tesco.com/v2/media/ghs/ed5fc02c-6d9e-4875-9908-dc124b1ecbda/9517e267-b663-4d1e-b738-6fafd930272d_768991700.jpeg?h=225&w=225
Simplyfruit Fruit Medley 300G,€3.00,,€10.00/kg,https://www.tesco.ie/groceries/en-IE/products/308866569,https://digitalcontent.api.tesco.com/v2/media/ghs/b9302b96-c6e4-409e-a2a1-aa5aaa19e240/snapshotimagehandler_1097937158.jpeg?h=225&w=225
Tesco Persimmons Minimum 3 Pack,€1.75,,€0.58/each,https://www.tesco.ie/groceries/en-IE/products/271531711,https://digitalcontent.api.tesco.com/v2/media/ghs/a9ca3f01-aa0c-4d3e-8c2d-53268ddabc93/35a93fc9-1d3f-459e-a5cc-ebd359924306.jpeg?h=225&w=225
Tesco Pink Lady Apple & Grape Pot 100G,€1.25,Meal Deal for €4.49 - Buy Any 1 Pasta Or Wrap Or Sandwich Or Salad Or Sushi & 1 Crisp Or Fruit & 1 Drink,€12.50/kg,https://www.tesco.ie/groceries/en-IE/products/301513371,https://digitalcontent.api.tesco.com/v2/media/ghs/e618d239-0d3a-40bd-acd7-a68288556941/c8f385f9-7cd0-4786-8606-c4c0f75c81d2.jpeg?h=225&w=225
Tesco Cashew Nuts Snack Pack 60G,€1.00,,€16.67/kg,https://www.tesco.ie/groceries/en-IE/products/283111735,https://digitalcontent.api.tesco.com/v2/media/ghs/53c174e2-d11c-413d-bba7-215752b606ef/28259701-a684-4896-8173-57b4f689d356.jpeg?h=225&w=225
Tesco Snacking Pistachio 50G,€1.00,,€20.00/kg,https://www.tesco.ie/groceries/en-IE/products/287219084,https://digitalcontent.api.tesco.com/v2/media/ghs/6d946ee1-e246-46d8-bc7c-e330b2f264fe/6810d47c-dcac-400e-b177-91271d0bb9e4.jpeg?h=225&w=225
Tesco Snack Pack Soft Apricots 50G,€1.19,,€23.80/kg,https://www.tesco.ie/groceries/en-IE/products/302685769,https://digitalcontent.api.tesco.com/v2/media/ghs/7a74e4f2-1f30-4f8b-88c2-c12767a06c9f/55b74529-1d6c-4241-b6a3-0c1ace0b2626_338805294.jpeg?h=225&w=225
Sowan's Whole Almonds 100G,€1.49,,€14.90/kg,https://www.tesco.ie/groceries/en-IE/products/287248515,https://digitalcontent.api.tesco.com/v2/media/ghs/604a28b2-b8d0-46a0-a6fe-583d9c6d9b87/snapshotimagehandler_1752475293.jpeg?h=225&w=225
Forest Feast Sesame Sticks Real Value 110G,€2.00,,€18.18/kg,https://www.tesco.ie/groceries/en-IE/products/315397747,https://digitalcontent.api.tesco.com/v2/media/ghs/bcd715b1-350f-438b-aff8-d2323c8be542/67528387-a480-4cd6-a553-239abe58ecb7_1073564605.jpeg?h=225&w=225
Total Organic Fruit Ripen At Home Pears 4 Pack,€2.99,,€0.75/each,https://www.tesco.ie/groceries/en-IE/products/308489635,https://digitalcontent.api.tesco.com/v2/media/ghs/511ba20d-03f0-45c3-a671-36e5ade41585/7e73eace-6664-4a7f-b39f-c38313d00c4b.jpeg?h=225&w=225
Sun Exotics Yoghurt Coated Raisins 60G,€1.00,,€16.67/kg,https://www.tesco.ie/groceries/en-IE/products/305971086,https://digitalcontent.api.tesco.com/v2/media/ghs/d0122a2d-2cc4-4d5c-9bd6-ccdfd89d4da1/93904016-6a19-4002-a9c5-1f75532235a6_400529100.jpeg?h=225&w=225
Tesco Raisin Mix 200G,€2.45,,€12.25/kg,https://www.tesco.ie/groceries/en-IE/products/302685493,https://digitalcontent.api.tesco.com/v2/media/ghs/abbd4af7-655a-4264-9c19-dd47cf1baadb/69d512e2-00bf-4de7-8b11-7c8955eabcfe.jpeg?h=225&w=225
Sun Exotics Chocolate Coated Raisins 60G,€1.00,,€16.67/kg,https://www.tesco.ie/groceries/en-IE/products/305839774,https://digitalcontent.api.tesco.com/v2/media/ghs/70fbf89a-f210-4104-962d-38f32189b83b/snapshotimagehandler_1078015790.jpeg?h=225&w=225
Keelings Irish Apple Tray 4 Pack,€2.29,,€0.57/each,https://www.tesco.ie/groceries/en-IE/products/280905705,https://digitalcontent.api.tesco.com/v2/media/ghs/dbc2b5d1-07ef-4343-93a9-df102f3a03be/2936daab-2da3-4457-b838-ef000a633fe1_889889641.jpeg?h=225&w=225
Sun Exotics Sub Tropical Fruit And Nuts Beer Mix 190G,€3.30,,€17.37/kg,https://www.tesco.ie/groceries/en-IE/products/310189170,https://digitalcontent.api.tesco.com/v2/media/ghs/bb4d7606-d37d-4cae-a853-baa592aa3def/snapshotimagehandler_607405606.jpeg?h=225&w=225
Tesco Finest Fruit & Nut 190G,€3.99,,€21.00/kg,https://www.tesco.ie/groceries/en-IE/products/302676982,https://digitalcontent.api.tesco.com/v2/media/ghs/95265147-7b4f-41fc-b5ee-eb2c3dc40754/db976ffa-4cb3-4054-97c4-237afdc58188_1511866288.jpeg?h=225&w=225
Good Snack Co Salted Caramel Almonds 45G,€1.55,,€34.44/kg,https://www.tesco.ie/groceries/en-IE/products/304494888,https://digitalcontent.api.tesco.com/v2/media/ghs/d8bdc9a7-7365-4cf1-97d2-94ee0651232a/snapshotimagehandler_1417627908.jpeg?h=225&w=225
Sun Exotics Chocolate Coated Peanuts 60G,€1.00,,€16.67/kg,https://www.tesco.ie/groceries/en-IE/products/305982856,https://digitalcontent.api.tesco.com/v2/media/ghs/eaf81a30-cd37-44d0-8fd5-c79a90d04e1b/snapshotimagehandler_304601891.jpeg?h=225&w=225
Sun Exotics Hazel Nuts 150G,€3.90,,€26.00/kg,https://www.tesco.ie/groceries/en-IE/products/310131993,https://digitalcontent.api.tesco.com/v2/media/ghs/3d9799e9-078e-4b95-90a7-b83f056059e8/ff599522-cabe-4237-8efc-96912591b7a3_874055127.jpeg?h=225&w=225
Sowan's Fruit And Nut Mix 100G,€1.49,,€14.90/kg,https://www.tesco.ie/groceries/en-IE/products/287248803,https://digitalcontent.api.tesco.com/v2/media/ghs/96bf4d27-1fa4-4c3c-b476-b8f9ac2c4b77/snapshotimagehandler_1123884656.jpeg?h=225&w=225
Sun Exotics Chilli Coated Peanuts 60G,€1.00,,€16.67/kg,https://www.tesco.ie/groceries/en-IE/products/305986535,https://digitalcontent.api.tesco.com/v2/media/ghs/137a19a6-d1eb-4741-880a-cf8357afbe6b/snapshotimagehandler_1664801151.jpeg?h=225&w=225
Tesco Finest Belgian Dark Chocolate Brazil Nuts 225G,€4.50,,€20.00/kg,https://www.tesco.ie/groceries/en-IE/products/304383144,https://digitalcontent.api.tesco.com/v2/media/ghs/6b91d5c9-f721-41b0-bf23-820364003037/b08b4eda-56a1-4d7d-8cc0-d075195e2927_904094986.jpeg?h=225&w=225
Tesco Chocolate Fruit & Nut Mix Snack Pack 60G,€1.19,,€19.83/kg,https://www.tesco.ie/groceries/en-IE/products/283112187,https://digitalcontent.api.tesco.com/v2/media/ghs/b81cfdcd-527d-44e5-8976-31a70fe3f6a8/4336ad2f-5690-4f66-a9dd-eeb8d930bd96.jpeg?h=225&w=225
Sun Exotics Bombay Mix 70G,€1.00,,€14.29/kg,https://www.tesco.ie/groceries/en-IE/products/305971649,https://digitalcontent.api.tesco.com/v2/media/ghs/c45e9769-8501-44d5-abba-f781fd4c4337/d4cb6dfc-2a30-4b71-86fb-f3071c956592_484550164.jpeg?h=225&w=225
Sun Exotics Yoghurt Coated Peanuts 60G,€1.00,,€16.67/kg,https://www.tesco.ie/groceries/en-IE/products/305986731,https://digitalcontent.api.tesco.com/v2/media/ghs/16ebde4e-be94-4fde-816d-69e5851bb6cb/snapshotimagehandler_436020072.jpeg?h=225&w=225
Sowan's Organic Walnuts 100G,€2.99,,€29.90/kg,https://www.tesco.ie/groceries/en-IE/products/310098657,https://digitalcontent.api.tesco.com/v2/media/ghs/7bc0b8ab-7f04-469e-9d76-d9051528d891/00c3f9b1-6bad-4b90-824b-6d2e13c71caa_1947006866.jpeg?h=225&w=225
Sun Exotics Chilli Crackers 180G,€3.30,,€18.33/kg,https://www.tesco.ie/groceries/en-IE/products/305952034,https://digitalcontent.api.tesco.com/v2/media/ghs/79bcf10f-e8a6-4397-90bf-8533d25e5383/snapshotimagehandler_790320682.jpeg?h=225&w=225
Forest Feast Milk Chocolate Brazil Halves 100G,€2.00,,€20.00/kg,https://www.tesco.ie/groceries/en-IE/products/315358072,https://digitalcontent.api.tesco.com/v2/media/ghs/7ea36d93-bba6-4f00-a015-e4285aff4982/92cea82e-b8b0-4946-891b-bdb9abb19b26_1739473897.jpeg?h=225&w=225
Coconut Each,€0.59,,€0.59/each,https://www.tesco.ie/groceries/en-IE/products/278721090,https://digitalcontent.api.tesco.com/v2/media/ghs/b0ba1107-e694-4b79-a7ff-68383639ac29/7ae1d305-d534-44b7-bce3-59a90e54dc58_1634226871.jpeg?h=225&w=225
Sowan's Organic Mixed Nuts 100G,€2.99,,€29.90/kg,https://www.tesco.ie/groceries/en-IE/products/310177679,https://digitalcontent.api.tesco.com/v2/media/ghs/291fdc9b-cf85-421f-9043-9434895d2398/f82d9642-bf8b-4db1-90c7-e5f84ac5e08a_1313138852.jpeg?h=225&w=225
Shamrock Jumbo Prunes 200G,€4.50,,€22.50/kg,https://www.tesco.ie/groceries/en-IE/products/282643873,https://digitalcontent.api.tesco.com/v2/media/ghs/c8deadd0-90ac-46c8-865d-fa78fb58dbc5/snapshotimagehandler_1836867326.jpeg?h=225&w=225
Forest Feast Real Value Bombay Mix 150G,€2.00,,€13.33/kg,https://www.tesco.ie/groceries/en-IE/products/315376770,https://digitalcontent.api.tesco.com/v2/media/ghs/e4c475ba-557d-4936-b8df-9161fa9983d0/1e164e5c-5ce2-4d1b-a1eb-19495bc039df_1677589274.jpeg?h=225&w=225
Keelings Piel De Sapo Melon,€5.99,,€5.99/each,https://www.tesco.ie/groceries/en-IE/products/313011733,https://digitalcontent.api.tesco.com/v2/media/ghs/31d51fdb-5e36-45d3-a0ad-db578a25e38f/cb66a00e-27c3-47da-87a2-5b1024a46db1_993639625.jpeg?h=225&w=225
Freshcut Fruits Tropical Fruit Salad 270G,Currently out of stock,,,https://www.tesco.ie/groceries/en-IE/products/302244848,https://digitalcontent.api.tesco.com/v2/media/ghs/a9f0d200-36c2-43ef-b647-513653e282ca/snapshotimagehandler_443233628.jpeg?h=225&w=225
Sowan's Organic Cashew Nuts 100G,€2.99,,€29.90/kg,https://www.tesco.ie/groceries/en-IE/products/310144701,https://digitalcontent.api.tesco.com/v2/media/ghs/c21bc8de-422c-494d-8103-30cfb5cd593f/1b212c99-eaca-44d4-bd51-197f72e6231b_92749341.jpeg?h=225&w=225
Tesco Fruit & Nut Snack Pot 55G,€1.19,,€21.64/kg,https://www.tesco.ie/groceries/en-IE/products/302677353,https://digitalcontent.api.tesco.com/v2/media/ghs/c98289de-f2e5-4840-b36d-049ab565093e/e18c6135-f72a-44a3-b536-aebeacc9e208.jpeg?h=225&w=225
Forest Feast Honey And Chilli Almonds And Peanuts 120G,€3.95,,€32.92/kg,https://www.tesco.ie/groceries/en-IE/products/306814145,https://digitalcontent.api.tesco.com/v2/media/ghs/dd693fab-588b-403f-8abd-56a56c0438f0/52c9e1cb-7407-4838-99cb-bc370fe7fcd8_1414738020.jpeg?h=225&w=225
Tesco Roasted Nut Mix Snack Pack 55G,€1.00,,€18.18/kg,https://www.tesco.ie/groceries/en-IE/products/285711120,https://digitalcontent.api.tesco.com/v2/media/ghs/e208e7ab-bc1e-4ef6-911c-2fb82f6066d8/45f25879-dae8-43d2-b8ec-c83cde11cb15.jpeg?h=225&w=225
Sun Exotics Raw Cashew Nuts 40G,€1.00,,€25.00/kg,https://www.tesco.ie/groceries/en-IE/products/305973873,https://digitalcontent.api.tesco.com/v2/media/ghs/d776b538-5c6d-4b54-9320-94bce4f62118/snapshotimagehandler_633712282.jpeg?h=225&w=225
Gem Gourmet Figs 300G,€4.80,,€16.00/kg,https://www.tesco.ie/groceries/en-IE/products/304815591,https://digitalcontent.api.tesco.com/v2/media/ghs/f131f4d4-f61e-4d36-b5c8-6aae6d44b580/snapshotimagehandler_834985955.jpeg?h=225&w=225
Simplyfruit Classic Fruit Salad 280G,€3.00,,€10.71/kg,https://www.tesco.ie/groceries/en-IE/products/314695975,https://digitalcontent.api.tesco.com/v2/media/ghs/36d6099e-d935-4a50-9f1a-91b7b55fe333/0dc7f305-a3f2-41cd-86aa-869df6a0449a_2121975929.jpeg?h=225&w=225
Keelings Apple Each,€0.55,,€0.55/each,https://www.tesco.ie/groceries/en-IE/products/312580517,https://digitalcontent.api.tesco.com/v2/media/ghs/0aeea97c-d014-455b-be7a-b3371d769614/2d5580d6-08cc-4a25-a195-b8b29af44c9a_751697133.jpeg?h=225&w=225
Forest Feast Slow Dried Mango 130G,€4.65,,€35.77/kg,https://www.tesco.ie/groceries/en-IE/products/315374708,https://digitalcontent.api.tesco.com/v2/media/ghs/efac31bb-0615-4b43-92ff-441766e36ab4/f7fa79f0-ab32-4206-87ac-341360947083_838071931.jpeg?h=225&w=225
Sun Exotics Pistachio 25G,€1.00,,€40.00/kg,https://www.tesco.ie/groceries/en-IE/products/305986408,https://digitalcontent.api.tesco.com/v2/media/ghs/93691154-a6ed-45b3-a32a-04fb66045406/snapshotimagehandler_1468971165.jpeg?h=225&w=225
Tesco Salt & Pepper Nut Mix Snack Pack 55G,€1.19,,€21.64/kg,https://www.tesco.ie/groceries/en-IE/products/283112072,https://digitalcontent.api.tesco.com/v2/media/ghs/b40fbf82-49c3-446e-80d7-9ba383c74ac2/eed2b0c3-2ae0-40f7-a273-6d03e4ae5abb.jpeg?h=225&w=225
Forest Feast Soft Malatya Apricots 150G,€4.15,€3.50 Clubcard Price,€27.67/kg,https://www.tesco.ie/groceries/en-IE/products/315352308,https://digitalcontent.api.tesco.com/v2/media/ghs/6ceedbfe-28cd-4d65-a5b0-dd98f8dac778/dfe3ad45-21f4-4723-83dc-ed48436dc598_456488866.jpeg?h=225&w=225
Sun Exotics Mixed Nuts And Raisins 200G,€3.20,,€16.00/kg,https://www.tesco.ie/groceries/en-IE/products/310183677,https://digitalcontent.api.tesco.com/v2/media/ghs/69eee523-5fba-496f-a810-857bc23a94a8/7b2410fa-2211-48a5-9560-6d07ee48f99b_1306136004.jpeg?h=225&w=225
Sun Exotics Walnuts 100G,€3.00,,€30.00/kg,https://www.tesco.ie/groceries/en-IE/products/310145838,https://digitalcontent.api.tesco.com/v2/media/ghs/c2826e32-b738-4a0c-83df-61ea2aa6e52d/c28f880a-5807-4a7f-807f-e68d2c65eff2_1385659506.jpeg?h=225&w=225
Sowan's Organic Whole Almonds 100G,€2.99,,€29.90/kg,https://www.tesco.ie/groceries/en-IE/products/310160192,https://digitalcontent.api.tesco.com/v2/media/ghs/f51146c3-1eaf-400f-b129-9d6608d494f5/70a27740-76a4-405c-8088-e7abfb994e16_1169461895.jpeg?h=225&w=225
Tesco Smoky Bbq Favour Nut Mix 25G,€0.80,,€32.00/kg,https://www.tesco.ie/groceries/en-IE/products/312361587,https://digitalcontent.api.tesco.com/v2/media/ghs/d84457ff-3f6a-4056-9236-107bfba22063/3626e19a-1eaf-4366-8e33-27fe57af7a4d_1424866961.jpeg?h=225&w=225
Sun Exotics Raw Cashew Nuts 150G,€3.70,,€24.67/kg,https://www.tesco.ie/groceries/en-IE/products/310186870,https://digitalcontent.api.tesco.com/v2/media/ghs/c56925e7-cd7d-4518-aac1-65661aa5e368/a92c14cf-9d32-44a8-9e6e-7bcd8041501a_1462994229.jpeg?h=225&w=225
Sun Exotics Whole Almonds 150G,€3.50,,€23.33/kg,https://www.tesco.ie/groceries/en-IE/products/310176677,https://digitalcontent.api.tesco.com/v2/media/ghs/3871d017-ee56-4b75-9b56-1eaf6532a810/b1733c35-c157-418c-af5b-654fb7b5c2a3_553479911.jpeg?h=225&w=225
Sowan's Brazil Nuts 100G,€2.49,,€24.90/kg,https://www.tesco.ie/groceries/en-IE/products/287248740,https://digitalcontent.api.tesco.com/v2/media/ghs/6e600a19-b58e-49a3-86f4-03b8ef23f712/snapshotimagehandler_561517073.jpeg?h=225&w=225
Sun Exotics Pecan Nuts 100G,€3.70,,€37.00/kg,https://www.tesco.ie/groceries/en-IE/products/310097480,https://digitalcontent.api.tesco.com/v2/media/ghs/822d7696-36ec-4bda-807f-89689b90570d/fd8b5de3-af97-4f66-891c-aaed111f7b52_1333783563.jpeg?h=225&w=225
Shamrock Apricots 450G,€9.60,,€21.33/kg,https://www.tesco.ie/groceries/en-IE/products/282644123,https://digitalcontent.api.tesco.com/v2/media/ghs/9005c029-985e-4ddb-b325-8d2d7247995c/snapshotimagehandler_545740926.jpeg?h=225&w=225
Sun Exotics Pine Nuts 65G,€4.50,,€69.23/kg,https://www.tesco.ie/groceries/en-IE/products/310126308,https://digitalcontent.api.tesco.com/v2/media/ghs-mktg/b0b04216-fa73-466d-a9d7-c9fcfa1ce9b3/no-image.jpeg
Sun Exotics Brazil Nuts 150G,€4.30,,€28.67/kg,https://www.tesco.ie/groceries/en-IE/products/310118217,https://digitalcontent.api.tesco.com/v2/media/ghs/418c7387-d2e7-4e78-b08c-4e68858cacdb/f93fdb18-d623-46b7-b4a7-30b789ae1dda_1174945242.jpeg?h=225&w=225
Simplyfruit Carrot Pack 80G,€0.89,Meal Deal for €4.49 - Buy Any 1 Pasta Or Wrap Or Sandwich Or Salad Or Sushi & 1 Crisp Or Fruit & 1 Drink,€11.12/kg,https://www.tesco.ie/groceries/en-IE/products/315745443,https://digitalcontent.api.tesco.com/v2/media/ghs/ec6a2ac9-be82-467c-88fe-2caa9ed1af28/6bc6ec1f-b829-4626-afc1-1492bec38934_1340203554.jpeg?h=225&w=225
Tesco Cocoa & Vanilla Flavour Nut Mix 25G,€0.80,,€32.00/kg,https://www.tesco.ie/groceries/en-IE/products/311797531,https://digitalcontent.api.tesco.com/v2/media/ghs/a6ca88e3-cc89-4745-812e-0f61f3ed842a/013ccf2e-7981-49e4-91e2-7eef976f4149_1398031008.jpeg?h=225&w=225
Tesco Braeburn Apple Each,Currently out of stock,,,https://www.tesco.ie/groceries/en-IE/products/286370601,https://digitalcontent.api.tesco.com/v2/media/ghs/902ce50f-e4e9-481c-a6c8-a02d62706cd3/ad76a9b0-7172-4861-8824-6a41286e1774_2130019579.jpeg?h=225&w=225
Tesco Braeburn Apple Each,Currently out of stock,,,https://www.tesco.ie/groceries/en-IE/products/286370601,https://digitalcontent.api.tesco.com/v2/media/ghs/902ce50f-e4e9-481c-a6c8-a02d62706cd3/ad76a9b0-7172-4861-8824-6a41286e1774_2130019579.jpeg?h=225&w=225
Tesco Raspberries 250G,Currently out of stock,,,https://www.tesco.ie/groceries/en-IE/products/287377736,https://digitalcontent.api.tesco.com/v2/media/ghs/27807a2d-245f-449e-9fd4-adb7181ca111/241e9e07-9ae6-48ab-8f4e-c9d831a2bbca.jpeg?h=225&w=225
Suntrail Farms Nectarines Minimum 4,Currently out of stock,,,https://www.tesco.ie/groceries/en-IE/products/292275515,https://digitalcontent.api.tesco.com/v2/media/ghs/6021c874-ca9a-4d76-ab94-e026d55641ad/ce4170f3-43c1-41ac-868e-3862286386ec_790447698.jpeg?h=225&w=225
Tesco Bramley Apple Tray 4 Pack,Currently out of stock,,,https://www.tesco.ie/groceries/en-IE/products/254549209,https://digitalcontent.api.tesco.com/v2/media/ghs/8eb365e4-6e92-4a3e-86f4-7a7244b947e2/snapshotimagehandler_2143197662.jpeg?h=225&w=225
Simplyfruit Mango Chunks 275G,Currently out of stock,,,https://www.tesco.ie/groceries/en-IE/products/308081190,https://digitalcontent.api.tesco.com/v2/media/ghs/0afd80de-f4a8-4d46-b915-59e9c0387804/snapshotimagehandler_1851441245.jpeg?h=225&w=225
Pink Lady Organic Apples 4 Pack,Currently out of stock,,,https://www.tesco.ie/groceries/en-IE/products/309189891,https://digitalcontent.api.tesco.com/v2/media/ghs-mktg/b0b04216-fa73-466d-a9d7-c9fcfa1ce9b3/no-image.jpeg
