Title,Price,Promotional Price,Price Per,Product URL,Image URL
Tesco Cashew Nuts 200G,€2.45,,€12.25/kg,https://www.tesco.ie/groceries/en-IE/products/266376222,https://digitalcontent.api.tesco.com/v2/media/ghs/77dfcca1-2e6b-456a-a95e-202e58b319a2/86d1707e-3f46-4c02-ab4a-bb897467d4ec.jpeg?h=225&w=225
Tesco Chia Seeds 150G,€1.39,,€9.27/kg,https://www.tesco.ie/groceries/en-IE/products/290594510,https://digitalcontent.api.tesco.com/v2/media/ghs/bb861872-3d63-4f5e-b6ae-62292eb718ed/d32d406d-abd2-49d9-8b94-1ba8f5be84f3.jpeg?h=225&w=225
Tesco Walnuts 200G,€2.69,,€13.45/kg,https://www.tesco.ie/groceries/en-IE/products/296546961,https://digitalcontent.api.tesco.com/v2/media/ghs/4a77dbab-ec52-44ed-bea1-d0a50ad5f3d9/7726c1b7-5cf6-43c2-8129-06760a0069b0.jpeg?h=225&w=225
Tesco Almonds 200G,€2.20,,€11.00/kg,https://www.tesco.ie/groceries/en-IE/products/266357101,https://digitalcontent.api.tesco.com/v2/media/ghs/ff7c9829-557a-4c70-a229-30278b77cb75/018650a6-a584-4ab3-a52d-d513cb925a20.jpeg?h=225&w=225
Tesco Dried Mango 100G,€1.49,,€14.90/kg,https://www.tesco.ie/groceries/en-IE/products/260733201,https://digitalcontent.api.tesco.com/v2/media/ghs/bd489df4-8369-48db-a9c7-d4a764806c67/931c9733-1ab7-4783-a382-c801dd988da4.jpeg?h=225&w=225
Tesco Mixed Nuts 200G,€2.65,,€13.25/kg,https://www.tesco.ie/groceries/en-IE/products/266375033,https://digitalcontent.api.tesco.com/v2/media/ghs/23ea8351-aafc-4b33-882d-454314802242/7f3badc1-a018-4ed9-9b24-5225361dc41f.jpeg?h=225&w=225
Tesco Wholefoods Pine Nuts 100G,€3.69,,€36.90/kg,https://www.tesco.ie/groceries/en-IE/products/254142569,https://digitalcontent.api.tesco.com/v2/media/ghs/90bc2d78-c337-4d2c-83b4-4fee0082b81e/ffa7818e-6f83-41d7-a3c2-5fd13d4c1f01.jpeg?h=225&w=225
Tesco Cranberries 100G,€1.46,,€14.60/kg,https://www.tesco.ie/groceries/en-IE/products/305585658,https://digitalcontent.api.tesco.com/v2/media/ghs/f722f230-7f6e-4c03-8c67-8c4ee133e7ef/snapshotimagehandler_1031198921.jpeg?h=225&w=225
Tesco Brazil Nuts 200G,€2.52,,€12.60/kg,https://www.tesco.ie/groceries/en-IE/products/302685533,https://digitalcontent.api.tesco.com/v2/media/ghs/b4c05c23-c494-4e9c-9eb3-fc1c62b206f4/14e4f82c-59c7-4de8-8014-76db8bb74040.jpeg?h=225&w=225
Tesco Flax Seeds 150G,€1.39,,€9.27/kg,https://www.tesco.ie/groceries/en-IE/products/290594532,https://digitalcontent.api.tesco.com/v2/media/ghs/ca307c20-079f-44fb-be0e-d59131665b28/9a111f7f-56bb-40be-a845-a59477c7248c_1746842150.jpeg?h=225&w=225
Tesco Soft Pitted Dates 250G,€2.69,,€10.76/kg,https://www.tesco.ie/groceries/en-IE/products/274171043,https://digitalcontent.api.tesco.com/v2/media/ghs/eb3c1f7b-e465-4191-92bc-44739d104e49/cd4f9e1a-4898-4630-a4e1-a31c0d330cd6.jpeg?h=225&w=225
Tesco Milled Flax Seed Mix 175G,€2.69,,€15.37/kg,https://www.tesco.ie/groceries/en-IE/products/302677255,https://digitalcontent.api.tesco.com/v2/media/ghs/095e0811-1b45-484f-b918-fd6406a69334/c7f91426-7990-440a-9da8-2c2d7004cff2.jpeg?h=225&w=225
Sowan's Pecan Nuts 100G,€1.99,,€19.90/kg,https://www.tesco.ie/groceries/en-IE/products/287248432,https://digitalcontent.api.tesco.com/v2/media/ghs/179c7616-74d5-455e-85ff-d51e254d4430/snapshotimagehandler_1871098112.jpeg?h=225&w=225
Tesco Sunflower Seeds 150G,€1.39,,€9.27/kg,https://www.tesco.ie/groceries/en-IE/products/266386982,https://digitalcontent.api.tesco.com/v2/media/ghs/b196f624-ea43-48e4-a9b9-edd455370647/94fd906e-32a4-4e24-b309-c573e55a96f0.jpeg?h=225&w=225
Tesco Goji Berries 100G,€2.29,,€22.90/kg,https://www.tesco.ie/groceries/en-IE/products/262860352,https://digitalcontent.api.tesco.com/v2/media/ghs/f7d402eb-4912-4084-bf1c-4ddfdab6438a/b3d57e65-30bd-4516-a92a-7e211bf2370f.jpeg?h=225&w=225
Tesco Finest Roasted Nut Selection 190G,€3.99,,€21.00/kg,https://www.tesco.ie/groceries/en-IE/products/302677029,https://digitalcontent.api.tesco.com/v2/media/ghs/ac2c8ddf-f65f-4ee5-a915-fc70556fc186/c0efa02b-3d43-4bf6-b5e0-c16aedbbb44d_1582232617.jpeg?h=225&w=225
Sun Exotics Salted Pretzels 200G,€3.30,,€16.50/kg,https://www.tesco.ie/groceries/en-IE/products/305966634,https://digitalcontent.api.tesco.com/v2/media/ghs/b268c947-21dd-49e7-9953-cfa0eac3d565/snapshotimagehandler_1732474179.jpeg?h=225&w=225
Sowan's Cranberries 100G,€1.49,,€14.90/kg,https://www.tesco.ie/groceries/en-IE/products/287249670,https://digitalcontent.api.tesco.com/v2/media/ghs/915e3075-8aa5-4998-bc30-c3cb8a515971/snapshotimagehandler_635761529.jpeg?h=225&w=225
Tesco Milled Flax Pumpkin & Chia Seed Mix 175G,€2.45,,€14.00/kg,https://www.tesco.ie/groceries/en-IE/products/302677278,https://digitalcontent.api.tesco.com/v2/media/ghs/1cd72971-cd1a-4edf-968d-63f76cab2675/872e41b9-ecdf-4b4b-8431-dcb8a466be8a.jpeg?h=225&w=225
Tesco Prunes 250G,€3.29,,€13.16/kg,https://www.tesco.ie/groceries/en-IE/products/258056187,https://digitalcontent.api.tesco.com/v2/media/ghs/f85cff73-d42c-4e09-a52d-f1042a4f02c3/dd5c8009-98d2-43c6-9492-c0c1fcd3d7f9.jpeg?h=225&w=225
Tesco Soft Figs 250G,€2.69,,€10.76/kg,https://www.tesco.ie/groceries/en-IE/products/258058058,https://digitalcontent.api.tesco.com/v2/media/ghs/c2552385-afee-4694-b788-a5f9d64a3d8d/d46914a0-5cc8-4d7c-94b0-1a89edbdfc3c_2002927869.jpeg?h=225&w=225
Sun Exotics Sesame Sticks 300G,€3.30,,€11.00/kg,https://www.tesco.ie/groceries/en-IE/products/305947421,https://digitalcontent.api.tesco.com/v2/media/ghs/5ad6ec03-eefa-4bd3-a5b1-f6d8e6eeaeff/snapshotimagehandler_858049495.jpeg?h=225&w=225
Tesco Pecan Nuts 100G,€2.49,,€24.90/kg,https://www.tesco.ie/groceries/en-IE/products/266375275,https://digitalcontent.api.tesco.com/v2/media/ghs/077a4cbb-2cae-49c5-9f60-ead56e25f8c9/5439cab5-5a0f-498b-a143-5f646c2bc9a9.jpeg?h=225&w=225
Tesco Soft Apricots 250G,€3.29,,€13.16/kg,https://www.tesco.ie/groceries/en-IE/products/258057537,https://digitalcontent.api.tesco.com/v2/media/ghs/9efd8b29-1436-4d45-a746-3f9985328c8f/ec78e291-aaf5-4a14-8f99-8a7697a595c3.jpeg?h=225&w=225
Tesco Pistachio 200G,€4.49,,€22.45/kg,https://www.tesco.ie/groceries/en-IE/products/268584786,https://digitalcontent.api.tesco.com/v2/media/ghs/9cc21a55-5aee-4681-a3dd-3fab86637b2f/snapshotimagehandler_1226520793.jpeg?h=225&w=225
Sowan's Mixed Seeds 100G,€1.49,,€14.90/kg,https://www.tesco.ie/groceries/en-IE/products/287249543,https://digitalcontent.api.tesco.com/v2/media/ghs/340d8cfc-0e7d-4612-b43e-a175e0f06a2e/snapshotimagehandler_615683784.jpeg?h=225&w=225
Tesco Milled Sunflower And Goji Seed Mix 175G,€2.45,,€14.00/kg,https://www.tesco.ie/groceries/en-IE/products/302677290,https://digitalcontent.api.tesco.com/v2/media/ghs/80348994-4272-495b-8d28-3ec281640c41/snapshotimagehandler_1731483924.jpeg?h=225&w=225
Tesco Macadamia Nuts 100G,€2.75,,€27.50/kg,https://www.tesco.ie/groceries/en-IE/products/315153567,https://digitalcontent.api.tesco.com/v2/media/ghs/ed5fc02c-6d9e-4875-9908-dc124b1ecbda/9517e267-b663-4d1e-b738-6fafd930272d_768991700.jpeg?h=225&w=225
Tesco Cashew Nuts Snack Pack 60G,€1.00,,€16.67/kg,https://www.tesco.ie/groceries/en-IE/products/283111735,https://digitalcontent.api.tesco.com/v2/media/ghs/53c174e2-d11c-413d-bba7-215752b606ef/28259701-a684-4896-8173-57b4f689d356.jpeg?h=225&w=225
Tesco Snacking Pistachio 50G,€1.00,,€20.00/kg,https://www.tesco.ie/groceries/en-IE/products/287219084,https://digitalcontent.api.tesco.com/v2/media/ghs/6d946ee1-e246-46d8-bc7c-e330b2f264fe/6810d47c-dcac-400e-b177-91271d0bb9e4.jpeg?h=225&w=225
Tesco Snack Pack Soft Apricots 50G,€1.19,,€23.80/kg,https://www.tesco.ie/groceries/en-IE/products/302685769,https://digitalcontent.api.tesco.com/v2/media/ghs/7a74e4f2-1f30-4f8b-88c2-c12767a06c9f/55b74529-1d6c-4241-b6a3-0c1ace0b2626_338805294.jpeg?h=225&w=225
Sowan's Whole Almonds 100G,€1.49,,€14.90/kg,https://www.tesco.ie/groceries/en-IE/products/287248515,https://digitalcontent.api.tesco.com/v2/media/ghs/604a28b2-b8d0-46a0-a6fe-583d9c6d9b87/snapshotimagehandler_1752475293.jpeg?h=225&w=225
Forest Feast Sesame Sticks Real Value 110G,€2.00,,€18.18/kg,https://www.tesco.ie/groceries/en-IE/products/315397747,https://digitalcontent.api.tesco.com/v2/media/ghs/bcd715b1-350f-438b-aff8-d2323c8be542/67528387-a480-4cd6-a553-239abe58ecb7_1073564605.jpeg?h=225&w=225
Sun Exotics Yoghurt Coated Raisins 60G,€1.00,,€16.67/kg,https://www.tesco.ie/groceries/en-IE/products/305971086,https://digitalcontent.api.tesco.com/v2/media/ghs/d0122a2d-2cc4-4d5c-9bd6-ccdfd89d4da1/93904016-6a19-4002-a9c5-1f75532235a6_400529100.jpeg?h=225&w=225
Tesco Raisin Mix 200G,€2.45,,€12.25/kg,https://www.tesco.ie/groceries/en-IE/products/302685493,https://digitalcontent.api.tesco.com/v2/media/ghs/abbd4af7-655a-4264-9c19-dd47cf1baadb/69d512e2-00bf-4de7-8b11-7c8955eabcfe.jpeg?h=225&w=225
Sun Exotics Chocolate Coated Raisins 60G,€1.00,,€16.67/kg,https://www.tesco.ie/groceries/en-IE/products/305839774,https://digitalcontent.api.tesco.com/v2/media/ghs/70fbf89a-f210-4104-962d-38f32189b83b/snapshotimagehandler_1078015790.jpeg?h=225&w=225
Sun Exotics Sub Tropical Fruit And Nuts Beer Mix 190G,€3.30,,€17.37/kg,https://www.tesco.ie/groceries/en-IE/products/310189170,https://digitalcontent.api.tesco.com/v2/media/ghs/bb4d7606-d37d-4cae-a853-baa592aa3def/snapshotimagehandler_607405606.jpeg?h=225&w=225
Tesco Finest Fruit & Nut 190G,€3.99,,€21.00/kg,https://www.tesco.ie/groceries/en-IE/products/302676982,https://digitalcontent.api.tesco.com/v2/media/ghs/95265147-7b4f-41fc-b5ee-eb2c3dc40754/db976ffa-4cb3-4054-97c4-237afdc58188_1511866288.jpeg?h=225&w=225
Good Snack Co Salted Caramel Almonds 45G,€1.55,,€34.44/kg,https://www.tesco.ie/groceries/en-IE/products/304494888,https://digitalcontent.api.tesco.com/v2/media/ghs/d8bdc9a7-7365-4cf1-97d2-94ee0651232a/snapshotimagehandler_1417627908.jpeg?h=225&w=225
Sun Exotics Chocolate Coated Peanuts 60G,€1.00,,€16.67/kg,https://www.tesco.ie/groceries/en-IE/products/305982856,https://digitalcontent.api.tesco.com/v2/media/ghs/eaf81a30-cd37-44d0-8fd5-c79a90d04e1b/snapshotimagehandler_304601891.jpeg?h=225&w=225
Sun Exotics Hazel Nuts 150G,€3.90,,€26.00/kg,https://www.tesco.ie/groceries/en-IE/products/310131993,https://digitalcontent.api.tesco.com/v2/media/ghs/3d9799e9-078e-4b95-90a7-b83f056059e8/ff599522-cabe-4237-8efc-96912591b7a3_874055127.jpeg?h=225&w=225
Sowan's Fruit And Nut Mix 100G,€1.49,,€14.90/kg,https://www.tesco.ie/groceries/en-IE/products/287248803,https://digitalcontent.api.tesco.com/v2/media/ghs/96bf4d27-1fa4-4c3c-b476-b8f9ac2c4b77/snapshotimagehandler_1123884656.jpeg?h=225&w=225
Sun Exotics Chilli Coated Peanuts 60G,€1.00,,€16.67/kg,https://www.tesco.ie/groceries/en-IE/products/305986535,https://digitalcontent.api.tesco.com/v2/media/ghs/137a19a6-d1eb-4741-880a-cf8357afbe6b/snapshotimagehandler_1664801151.jpeg?h=225&w=225
Tesco Finest Belgian Dark Chocolate Brazil Nuts 225G,€4.50,,€20.00/kg,https://www.tesco.ie/groceries/en-IE/products/304383144,https://digitalcontent.api.tesco.com/v2/media/ghs/6b91d5c9-f721-41b0-bf23-820364003037/b08b4eda-56a1-4d7d-8cc0-d075195e2927_904094986.jpeg?h=225&w=225
Tesco Chocolate Fruit & Nut Mix Snack Pack 60G,€1.19,,€19.83/kg,https://www.tesco.ie/groceries/en-IE/products/283112187,https://digitalcontent.api.tesco.com/v2/media/ghs/b81cfdcd-527d-44e5-8976-31a70fe3f6a8/4336ad2f-5690-4f66-a9dd-eeb8d930bd96.jpeg?h=225&w=225
Sun Exotics Bombay Mix 70G,€1.00,,€14.29/kg,https://www.tesco.ie/groceries/en-IE/products/305971649,https://digitalcontent.api.tesco.com/v2/media/ghs/c45e9769-8501-44d5-abba-f781fd4c4337/d4cb6dfc-2a30-4b71-86fb-f3071c956592_484550164.jpeg?h=225&w=225
Sun Exotics Yoghurt Coated Peanuts 60G,€1.00,,€16.67/kg,https://www.tesco.ie/groceries/en-IE/products/305986731,https://digitalcontent.api.tesco.com/v2/media/ghs/16ebde4e-be94-4fde-816d-69e5851bb6cb/snapshotimagehandler_436020072.jpeg?h=225&w=225
Sowan's Organic Walnuts 100G,€2.99,,€29.90/kg,https://www.tesco.ie/groceries/en-IE/products/310098657,https://digitalcontent.api.tesco.com/v2/media/ghs/7bc0b8ab-7f04-469e-9d76-d9051528d891/00c3f9b1-6bad-4b90-824b-6d2e13c71caa_1947006866.jpeg?h=225&w=225
Sun Exotics Chilli Crackers 180G,€3.30,,€18.33/kg,https://www.tesco.ie/groceries/en-IE/products/305952034,https://digitalcontent.api.tesco.com/v2/media/ghs/79bcf10f-e8a6-4397-90bf-8533d25e5383/snapshotimagehandler_790320682.jpeg?h=225&w=225
Forest Feast Milk Chocolate Brazil Halves 100G,€2.00,,€20.00/kg,https://www.tesco.ie/groceries/en-IE/products/315358072,https://digitalcontent.api.tesco.com/v2/media/ghs/7ea36d93-bba6-4f00-a015-e4285aff4982/92cea82e-b8b0-4946-891b-bdb9abb19b26_1739473897.jpeg?h=225&w=225
Sowan's Organic Mixed Nuts 100G,€2.99,,€29.90/kg,https://www.tesco.ie/groceries/en-IE/products/310177679,https://digitalcontent.api.tesco.com/v2/media/ghs/291fdc9b-cf85-421f-9043-9434895d2398/f82d9642-bf8b-4db1-90c7-e5f84ac5e08a_1313138852.jpeg?h=225&w=225
Shamrock Jumbo Prunes 200G,€4.50,,€22.50/kg,https://www.tesco.ie/groceries/en-IE/products/282643873,https://digitalcontent.api.tesco.com/v2/media/ghs/c8deadd0-90ac-46c8-865d-fa78fb58dbc5/snapshotimagehandler_1836867326.jpeg?h=225&w=225
Forest Feast Real Value Bombay Mix 150G,€2.00,,€13.33/kg,https://www.tesco.ie/groceries/en-IE/products/315376770,https://digitalcontent.api.tesco.com/v2/media/ghs/e4c475ba-557d-4936-b8df-9161fa9983d0/1e164e5c-5ce2-4d1b-a1eb-19495bc039df_1677589274.jpeg?h=225&w=225
Sowan's Organic Cashew Nuts 100G,€2.99,,€29.90/kg,https://www.tesco.ie/groceries/en-IE/products/310144701,https://digitalcontent.api.tesco.com/v2/media/ghs/c21bc8de-422c-494d-8103-30cfb5cd593f/1b212c99-eaca-44d4-bd51-197f72e6231b_92749341.jpeg?h=225&w=225
Tesco Fruit & Nut Snack Pot 55G,€1.19,,€21.64/kg,https://www.tesco.ie/groceries/en-IE/products/302677353,https://digitalcontent.api.tesco.com/v2/media/ghs/c98289de-f2e5-4840-b36d-049ab565093e/e18c6135-f72a-44a3-b536-aebeacc9e208.jpeg?h=225&w=225
Forest Feast Honey And Chilli Almonds And Peanuts 120G,€3.95,,€32.92/kg,https://www.tesco.ie/groceries/en-IE/products/306814145,https://digitalcontent.api.tesco.com/v2/media/ghs/dd693fab-588b-403f-8abd-56a56c0438f0/52c9e1cb-7407-4838-99cb-bc370fe7fcd8_1414738020.jpeg?h=225&w=225
Tesco Roasted Nut Mix Snack Pack 55G,€1.00,,€18.18/kg,https://www.tesco.ie/groceries/en-IE/products/285711120,https://digitalcontent.api.tesco.com/v2/media/ghs/e208e7ab-bc1e-4ef6-911c-2fb82f6066d8/45f25879-dae8-43d2-b8ec-c83cde11cb15.jpeg?h=225&w=225
Sun Exotics Raw Cashew Nuts 40G,€1.00,,€25.00/kg,https://www.tesco.ie/groceries/en-IE/products/305973873,https://digitalcontent.api.tesco.com/v2/media/ghs/d776b538-5c6d-4b54-9320-94bce4f62118/snapshotimagehandler_633712282.jpeg?h=225&w=225
Gem Gourmet Figs 300G,€4.80,,€16.00/kg,https://www.tesco.ie/groceries/en-IE/products/304815591,https://digitalcontent.api.tesco.com/v2/media/ghs/f131f4d4-f61e-4d36-b5c8-6aae6d44b580/snapshotimagehandler_834985955.jpeg?h=225&w=225
Forest Feast Slow Dried Mango 130G,€4.65,,€35.77/kg,https://www.tesco.ie/groceries/en-IE/products/315374708,https://digitalcontent.api.tesco.com/v2/media/ghs/efac31bb-0615-4b43-92ff-441766e36ab4/f7fa79f0-ab32-4206-87ac-341360947083_838071931.jpeg?h=225&w=225
Sun Exotics Pistachio 25G,€1.00,,€40.00/kg,https://www.tesco.ie/groceries/en-IE/products/305986408,https://digitalcontent.api.tesco.com/v2/media/ghs/93691154-a6ed-45b3-a32a-04fb66045406/snapshotimagehandler_1468971165.jpeg?h=225&w=225
Tesco Salt & Pepper Nut Mix Snack Pack 55G,€1.19,,€21.64/kg,https://www.tesco.ie/groceries/en-IE/products/283112072,https://digitalcontent.api.tesco.com/v2/media/ghs/b40fbf82-49c3-446e-80d7-9ba383c74ac2/eed2b0c3-2ae0-40f7-a273-6d03e4ae5abb.jpeg?h=225&w=225
Forest Feast Soft Malatya Apricots 150G,€4.15,€3.50 Clubcard Price,€27.67/kg,https://www.tesco.ie/groceries/en-IE/products/315352308,https://digitalcontent.api.tesco.com/v2/media/ghs/6ceedbfe-28cd-4d65-a5b0-dd98f8dac778/dfe3ad45-21f4-4723-83dc-ed48436dc598_456488866.jpeg?h=225&w=225
Sun Exotics Mixed Nuts And Raisins 200G,€3.20,,€16.00/kg,https://www.tesco.ie/groceries/en-IE/products/310183677,https://digitalcontent.api.tesco.com/v2/media/ghs/69eee523-5fba-496f-a810-857bc23a94a8/7b2410fa-2211-48a5-9560-6d07ee48f99b_1306136004.jpeg?h=225&w=225
Sun Exotics Walnuts 100G,€3.00,,€30.00/kg,https://www.tesco.ie/groceries/en-IE/products/310145838,https://digitalcontent.api.tesco.com/v2/media/ghs/c2826e32-b738-4a0c-83df-61ea2aa6e52d/c28f880a-5807-4a7f-807f-e68d2c65eff2_1385659506.jpeg?h=225&w=225
Sowan's Organic Whole Almonds 100G,€2.99,,€29.90/kg,https://www.tesco.ie/groceries/en-IE/products/310160192,https://digitalcontent.api.tesco.com/v2/media/ghs/f51146c3-1eaf-400f-b129-9d6608d494f5/70a27740-76a4-405c-8088-e7abfb994e16_1169461895.jpeg?h=225&w=225
Tesco Smoky Bbq Favour Nut Mix 25G,€0.80,,€32.00/kg,https://www.tesco.ie/groceries/en-IE/products/312361587,https://digitalcontent.api.tesco.com/v2/media/ghs/d84457ff-3f6a-4056-9236-107bfba22063/3626e19a-1eaf-4366-8e33-27fe57af7a4d_1424866961.jpeg?h=225&w=225
Sun Exotics Raw Cashew Nuts 150G,€3.70,,€24.67/kg,https://www.tesco.ie/groceries/en-IE/products/310186870,https://digitalcontent.api.tesco.com/v2/media/ghs/c56925e7-cd7d-4518-aac1-65661aa5e368/a92c14cf-9d32-44a8-9e6e-7bcd8041501a_1462994229.jpeg?h=225&w=225
Sun Exotics Whole Almonds 150G,€3.50,,€23.33/kg,https://www.tesco.ie/groceries/en-IE/products/310176677,https://digitalcontent.api.tesco.com/v2/media/ghs/3871d017-ee56-4b75-9b56-1eaf6532a810/b1733c35-c157-418c-af5b-654fb7b5c2a3_553479911.jpeg?h=225&w=225
Sowan's Brazil Nuts 100G,€2.49,,€24.90/kg,https://www.tesco.ie/groceries/en-IE/products/287248740,https://digitalcontent.api.tesco.com/v2/media/ghs/6e600a19-b58e-49a3-86f4-03b8ef23f712/snapshotimagehandler_561517073.jpeg?h=225&w=225
Sun Exotics Pecan Nuts 100G,€3.70,,€37.00/kg,https://www.tesco.ie/groceries/en-IE/products/310097480,https://digitalcontent.api.tesco.com/v2/media/ghs/822d7696-36ec-4bda-807f-89689b90570d/fd8b5de3-af97-4f66-891c-aaed111f7b52_1333783563.jpeg?h=225&w=225
Shamrock Apricots 450G,€9.60,,€21.33/kg,https://www.tesco.ie/groceries/en-IE/products/282644123,https://digitalcontent.api.tesco.com/v2/media/ghs/9005c029-985e-4ddb-b325-8d2d7247995c/snapshotimagehandler_545740926.jpeg?h=225&w=225
Sun Exotics Pine Nuts 65G,€4.50,,€69.23/kg,https://www.tesco.ie/groceries/en-IE/products/310126308,https://digitalcontent.api.tesco.com/v2/media/ghs-mktg/b0b04216-fa73-466d-a9d7-c9fcfa1ce9b3/no-image.jpeg
Sun Exotics Brazil Nuts 150G,€4.30,,€28.67/kg,https://www.tesco.ie/groceries/en-IE/products/310118217,https://digitalcontent.api.tesco.com/v2/media/ghs/418c7387-d2e7-4e78-b08c-4e68858cacdb/f93fdb18-d623-46b7-b4a7-30b789ae1dda_1174945242.jpeg?h=225&w=225
Tesco Cocoa & Vanilla Flavour Nut Mix 25G,€0.80,,€32.00/kg,https://www.tesco.ie/groceries/en-IE/products/311797531,https://digitalcontent.api.tesco.com/v2/media/ghs/a6ca88e3-cc89-4745-812e-0f61f3ed842a/013ccf2e-7981-49e4-91e2-7eef976f4149_1398031008.jpeg?h=225&w=225
