Title,Price,Promotional Price,Price Per,Product URL,Image URL
Keohane's Of Bantry Salmon Fillets 160G,€4.69,"Any 3 for €10 Clubcard Price - Selected Meat, Fish Or Poultry Products",€29.31/kg,https://www.tesco.ie/groceries/en-IE/products/302743199,https://digitalcontent.api.tesco.com/v2/media/ghs/b9e7328b-b650-49bf-9325-9a49850569fc/c9c89219-00ae-4461-aee8-0ccadb8c346b_125643269.jpeg?h=225&w=225
Keohanes Bantry Skin On Salmon Darnes 260G,€6.49,€5.20 Clubcard Price,€24.96/kg,https://www.tesco.ie/groceries/en-IE/products/278757104,https://digitalcontent.api.tesco.com/v2/media/ghs/b5467acd-2bbe-4845-856f-db64ecf951cc/5cc65ab3-69b2-452b-9731-3d74de985a7a_848689319.jpeg?h=225&w=225
Keohane Bantry King Prawns 180G,€4.00,"Any 3 for €10 Clubcard Price - Selected Meat, Fish Or Poultry Products",€22.22/kg,https://www.tesco.ie/groceries/en-IE/products/304494639,https://digitalcontent.api.tesco.com/v2/media/ghs/fbcf2d8d-c8ce-4c1e-9e7f-8a2f5a4bf996/c928def7-5b99-44fb-be98-6f87bb751899_1021872518.jpeg?h=225&w=225
Tesco 4 Salmon Fillets 440G,€8.00,,€18.18/kg,https://www.tesco.ie/groceries/en-IE/products/314436908,https://digitalcontent.api.tesco.com/v2/media/ghs/f3b5101d-6cbe-4d73-a027-de43689d9914/2b924be5-1602-4177-8a89-e3575c5a0ef5_242442537.jpeg?h=225&w=225
Nolans Atlantic Smoked Salmon 100G,€4.70,"Any 3 for €10 Clubcard Price - Selected Meat, Fish Or Poultry Products",€47.00/kg,https://www.tesco.ie/groceries/en-IE/products/285332502,https://digitalcontent.api.tesco.com/v2/media/ghs/861a0690-3b1c-4d6f-bfd0-5d3f956d644b/518bdac6-31f0-49e9-963c-14aa8adfc8b0_1359309203.jpeg?h=225&w=225
Suempol Norwegian Smoked Salmon 200G,€4.25,,€21.25/kg,https://www.tesco.ie/groceries/en-IE/products/299685376,https://digitalcontent.api.tesco.com/v2/media/ghs/aa5ae64c-d341-47c0-a308-0e13a647df4e/snapshotimagehandler_1025400907.jpeg?h=225&w=225
Suempol Norwegian Smoked Salmon 100G,€2.50,,€25.00/kg,https://www.tesco.ie/groceries/en-IE/products/299685105,https://digitalcontent.api.tesco.com/v2/media/ghs/b728bd2c-5580-480f-ae44-0fc9a1817aa0/snapshotimagehandler_1592955814.jpeg?h=225&w=225
Tesco Skin On Boneless Salmon Fillets 220G,€4.00,,€18.18/kg,https://www.tesco.ie/groceries/en-IE/products/275047264,https://digitalcontent.api.tesco.com/v2/media/ghs-mktg/b0b04216-fa73-466d-a9d7-c9fcfa1ce9b3/no-image.jpeg
Keohanes Of Bantry Cod Fillets 220G,€5.19,"Any 3 for €10 Clubcard Price - Selected Meat, Fish Or Poultry Products",€23.59/kg,https://www.tesco.ie/groceries/en-IE/products/280106171,https://digitalcontent.api.tesco.com/v2/media/ghs/83940e7f-0a20-47c2-b80d-54642f418d02/d92b62f7-c042-4648-b8d8-aff9240d24ba_1044157780.jpeg?h=225&w=225
Tesco 2 Breaded Chunky Irish Hake Fillets 350G,€4.00,"Any 3 for €10 Clubcard Price - Selected Meat, Fish Or Poultry Products",€11.43/kg,https://www.tesco.ie/groceries/en-IE/products/312213104,https://digitalcontent.api.tesco.com/v2/media/ghs/f50f0d2c-1222-4703-8496-8a9db5735c98/14398176-b6cf-430d-93e2-997779213369_1565836319.jpeg?h=225&w=225
Keohanes Cod Fillet Wth Lemon And Herb Marinade 220G,€4.89,"Any 3 for €10 Clubcard Price - Selected Meat, Fish Or Poultry Products",€22.23/kg,https://www.tesco.ie/groceries/en-IE/products/295812348,https://digitalcontent.api.tesco.com/v2/media/ghs/b7f46e47-25ef-4113-b9e3-cee880f181ca/5db00e59-4d4d-4e74-9d75-72d09902d8c9_1907270511.jpeg?h=225&w=225
Nolans Smoked Salmon 250 G,€7.50,,€30.00/kg,https://www.tesco.ie/groceries/en-IE/products/294958062,https://digitalcontent.api.tesco.com/v2/media/ghs/07553fd0-3687-4e2a-ae9a-a29bc6d5243f/c556384a-28d4-4df6-95e2-37ad11d47889_977808831.jpeg?h=225&w=225
Keohanes Bantry Prawns Pil Pil Mariande 180G,€4.00,€3.50 Clubcard Price,€22.22/kg,https://www.tesco.ie/groceries/en-IE/products/306314309,https://digitalcontent.api.tesco.com/v2/media/ghs/2d5d3ff8-7ca7-4765-9956-d0084d7c06ec/471c4caf-7d4f-4971-ba03-316295e096ad_1740228907.jpeg?h=225&w=225
Nolans Smoked Salmon 130G,€5.00,€4.50 Clubcard Price,€38.46/kg,https://www.tesco.ie/groceries/en-IE/products/297460772,https://digitalcontent.api.tesco.com/v2/media/ghs/0022f36b-827d-4a6b-b30e-d446b210a044/snapshotimagehandler_1158121610.jpeg?h=225&w=225
Nolans Irish Organic Smoked Salmon 100G,€5.00,,€50.00/kg,https://www.tesco.ie/groceries/en-IE/products/291226530,https://digitalcontent.api.tesco.com/v2/media/ghs/d3c6ea18-9e4f-443a-b2dd-398a7d279f96/4728e337-4fe2-4156-9b36-1d8bd9798906_650074899.jpeg?h=225&w=225
Nolans Prawn Cocktail Regular 170G,€3.80,,€22.35/kg,https://www.tesco.ie/groceries/en-IE/products/294285581,https://digitalcontent.api.tesco.com/v2/media/ghs/677bb643-741a-4ce8-b0a9-68d63a2afb51/snapshotimagehandler_1277500505.jpeg?h=225&w=225
Vici Classic Sea Food Sticks 200G,€1.25,,€6.25/kg,https://www.tesco.ie/groceries/en-IE/products/308866886,https://digitalcontent.api.tesco.com/v2/media/ghs/2d8f06a5-9e28-446f-bcaf-44c59308b385/snapshotimagehandler_1912249399.jpeg?h=225&w=225
Keoh/ Ob 2 Hot Smoked Salmon Fillets 180G,€5.00,,€27.78/kg,https://www.tesco.ie/groceries/en-IE/products/311936108,https://digitalcontent.api.tesco.com/v2/media/ghs/26e244fd-be21-43a5-aac4-d74e7a127aca/df388729-569c-4dc9-90b2-190baa0d7acb_1549284894.jpeg?h=225&w=225
Tesco Sea Bass Fillets 170G,Currently out of stock,,,https://www.tesco.ie/groceries/en-IE/products/290570658,https://digitalcontent.api.tesco.com/v2/media/ghs/dd7b3692-caa4-4b4a-92ae-08ba79ec2355/snapshotimagehandler_1872362000.jpeg?h=225&w=225
Keoh/Ob 2 Hot Smoked Sweet Chilli Salmon Fillets 180G,€5.00,,€27.78/kg,https://www.tesco.ie/groceries/en-IE/products/313380600,https://digitalcontent.api.tesco.com/v2/media/ghs/2f52cb30-7dd5-4a21-89d1-fed4f4cf519a/98b3aeec-6be5-42b5-9fdd-64d20f3e7790_669251512.jpeg?h=225&w=225
Keohane's Of Bantry Hake Fillets 400G,€5.99,,€14.98/kg,https://www.tesco.ie/groceries/en-IE/products/290370676,https://digitalcontent.api.tesco.com/v2/media/ghs/4ac9e343-f01f-4e3c-a190-b3f497eee101/85241271-2107-4203-91d0-0b0ee40e8ac6_1706811611.jpeg?h=225&w=225
Nolans Cooked & Peeled Tail Off Jumbo King Prawns 150G,€5.50,,€36.67/kg,https://www.tesco.ie/groceries/en-IE/products/312584574,https://digitalcontent.api.tesco.com/v2/media/ghs/8a5d8e61-6ba8-4cf0-b2df-c62b38f96e8d/5a50977d-2f5f-41a4-b341-a63d738d6b84_775681399.jpeg?h=225&w=225
"Tesco Finest 2 Salmon ,Spinach And Lemon Fish Cakes 290G",€3.85,,€13.28/kg,https://www.tesco.ie/groceries/en-IE/products/312105964,https://digitalcontent.api.tesco.com/v2/media/ghs/4cf82a71-b44a-4f22-8b2b-231a0d624a02/db517b5c-1374-47f1-9b05-10daf8394beb_1794276772.jpeg?h=225&w=225
Tesco Cod Fillet 250G,€4.00,,€16.00/kg,https://www.tesco.ie/groceries/en-IE/products/290391806,https://digitalcontent.api.tesco.com/v2/media/ghs/eeabd479-eba8-4049-9ae2-b3e524f2239e/snapshotimagehandler_349937837.jpeg?h=225&w=225
Open Ocean Succulent King Prawns 90G,€2.99,,€33.22/kg,https://www.tesco.ie/groceries/en-IE/products/313849257,https://digitalcontent.api.tesco.com/v2/media/ghs/ae34674b-ac97-4b9f-abfd-f056cafe5479/3a07983c-2023-4961-9c35-acc29bd45fc8_516580045.jpeg?h=225&w=225
Nolans Hot Smoked Salmon 150G,€5.60,,€37.33/kg,https://www.tesco.ie/groceries/en-IE/products/302796246,https://digitalcontent.api.tesco.com/v2/media/ghs/d20e46da-ebd2-4c38-a1cd-5abbaf0a7517/snapshotimagehandler_1904779907.jpeg?h=225&w=225
Tesco Fish Pie Mix 250G,€2.99,,€11.96/kg,https://www.tesco.ie/groceries/en-IE/products/314434127,https://digitalcontent.api.tesco.com/v2/media/ghs/d5b0d6e6-bad6-41d2-87e0-d13ca10115a9/ddedf32b-8775-4738-aeab-0dd88958fba5_961394193.jpeg?h=225&w=225
Tesco Smoked Salmon 150g,€5.00,,€33.33/kg,https://www.tesco.ie/groceries/en-IE/products/314596516,https://digitalcontent.api.tesco.com/v2/media/ghs/6e9e17ea-9bf1-4d23-b6d5-d362b37b48f4/316633bd-5148-4729-9e20-421df0f1a6e5.jpeg?h=225&w=225
Union Hall Irish Smoked Mackerel 150G,€2.99,,€19.93/kg,https://www.tesco.ie/groceries/en-IE/products/308867044,https://digitalcontent.api.tesco.com/v2/media/ghs/9a24e5ed-7551-4ad6-8da5-f74cd999b4fe/snapshotimagehandler_1707286740.jpeg?h=225&w=225
Tesco Battered Irish Haddock Fillet Goujons 320G,€3.50,€3.20 Clubcard Price,€10.94/kg,https://www.tesco.ie/groceries/en-IE/products/310119507,https://digitalcontent.api.tesco.com/v2/media/ghs/07133ee4-afd6-45d8-a61c-16c063ca4e14/fcd099a6-4580-4534-b3cc-8e4528ce3948_1622214033.jpeg?h=225&w=225
Union Hall Irish Smoked Peppered Mackerel 150G,€2.99,,€19.93/kg,https://www.tesco.ie/groceries/en-IE/products/308843441,https://digitalcontent.api.tesco.com/v2/media/ghs/3acee7f8-d165-41b7-bf3c-dc649902c71b/snapshotimagehandler_2011923497.jpeg?h=225&w=225
Open Ocean Garlic And Herb King Prawns 90G,€2.99,,€33.22/kg,https://www.tesco.ie/groceries/en-IE/products/313967385,https://digitalcontent.api.tesco.com/v2/media/ghs/d1e78096-6fcb-47fd-954b-f13d37d4b8ad/522b900e-ee97-48f1-b069-8bbdd9d65dfb_250691355.jpeg?h=225&w=225
Kilmore Quay Haddock Goujon 250G,€3.99,,€15.96/kg,https://www.tesco.ie/groceries/en-IE/products/274156966,https://digitalcontent.api.tesco.com/v2/media/ghs/946d9856-c49e-48f2-ab8b-3d1cf677142d/snapshotimagehandler_1034221941.jpeg?h=225&w=225
Nolan's Luxury Salmon Sensation 200G,€3.50,,€17.50/kg,https://www.tesco.ie/groceries/en-IE/products/310156946,https://digitalcontent.api.tesco.com/v2/media/ghs/bab747fc-163b-4c26-be77-a4b936626284/95e76d6d-cdce-410a-95b4-7e4c57d64fb8_170668400.jpeg?h=225&w=225
Shell Fish De La Mer West Cork Crab Meat 100G,€4.50,,€45.00/kg,https://www.tesco.ie/groceries/en-IE/products/302530636,https://digitalcontent.api.tesco.com/v2/media/ghs/e064b2f6-5b4b-4668-be8f-a764dc3d803b/snapshotimagehandler_375799582.jpeg?h=225&w=225
Tesco Mackerel Fillet 300G,€3.00,,€10.00/kg,https://www.tesco.ie/groceries/en-IE/products/294291890,https://digitalcontent.api.tesco.com/v2/media/ghs/9c0ad88f-9183-47ef-8aa5-2ca045688fd9/snapshotimagehandler_1300492444.jpeg?h=225&w=225
Tesco Finest 2 Salmon Fillets With Lemon And P/Corn/Btr 230G,€7.00,,€30.44/kg,https://www.tesco.ie/groceries/en-IE/products/311224346,https://digitalcontent.api.tesco.com/v2/media/ghs/3578210e-6c80-4f19-b6a6-27bf0a893f9f/91e1b828-3b79-4bde-a89d-a8b42c4e3909_590599810.jpeg?h=225&w=225
Tesco Salmon Fillets With Cajun Marinade 220G,€5.00,,€22.73/kg,https://www.tesco.ie/groceries/en-IE/products/302001497,https://digitalcontent.api.tesco.com/v2/media/ghs/a5e38218-994a-4050-8cbc-634a432952bf/da7a8ee4-acc0-4d3a-af55-8cf013caa85d_168094857.jpeg?h=225&w=225
Keohanes Bantry Smoked Coley 380G,€5.80,,€15.26/kg,https://www.tesco.ie/groceries/en-IE/products/273861870,https://digitalcontent.api.tesco.com/v2/media/ghs/8c72260e-8e55-4db5-af01-8ea2913b2088/dd206caa-cf0f-4e6d-83aa-3482fa9d6792_144573781.jpeg?h=225&w=225
Nolans Wild Alaskan Smoked Salmon 100G,€7.00,,€70.00/kg,https://www.tesco.ie/groceries/en-IE/products/271402628,https://digitalcontent.api.tesco.com/v2/media/ghs/16d8511f-26ed-4ba3-bbff-7fd7bbba9dcd/snapshotimagehandler_1848832123.jpeg?h=225&w=225
Tesco Finest Strong And Robust Scottish Smoked Salmon 100G,€5.00,,€50.00/kg,https://www.tesco.ie/groceries/en-IE/products/314306078,https://digitalcontent.api.tesco.com/v2/media/ghs/910cd1a8-915b-47cb-a9c1-26304ff6b429/5283a4f8-edc1-436b-ac7b-373018a8c4d7.jpeg?h=225&w=225
Tesco Brded Irish Hake Fillets 300G,€3.50,,€11.67/kg,https://www.tesco.ie/groceries/en-IE/products/310130176,https://digitalcontent.api.tesco.com/v2/media/ghs/0bbfb828-0525-43ee-af73-c28a8104d197/2249bfcb-7c09-4ca0-ab3e-de4b0b9ddde7_722600501.jpeg?h=225&w=225
Tesco Trout Fillet 240G,€4.49,,€18.71/kg,https://www.tesco.ie/groceries/en-IE/products/294292399,https://digitalcontent.api.tesco.com/v2/media/ghs/ddf5a67f-7bed-4568-8601-8aff07757546/snapshotimagehandler_431518803.jpeg?h=225&w=225
Union Hall Irish Smoked Kipper 180G,€1.99,,€11.06/kg,https://www.tesco.ie/groceries/en-IE/products/308824585,https://digitalcontent.api.tesco.com/v2/media/ghs/bc9cbaa9-a871-4c90-97b2-e75100a2000a/8cdee969-5a4f-4cc0-b6e0-21cd27174598_360730337.jpeg?h=225&w=225
Carr&Sons Garlic Butter Coked Irish Mussels 450G,€3.50,,€7.78/kg,https://www.tesco.ie/groceries/en-IE/products/292621291,https://digitalcontent.api.tesco.com/v2/media/ghs/9d8835d3-182b-4ea3-88c1-75ff6abbe097/snapshotimagehandler_1421307848.jpeg?h=225&w=225
Tesco 5 Skinless Cod Fillets 600G,€9.99,,€16.65/kg,https://www.tesco.ie/groceries/en-IE/products/312846622,https://digitalcontent.api.tesco.com/v2/media/ghs/85e66c6c-cc69-4687-bc7b-1fb0075def58/cf4fefcf-4db2-474a-91fc-958308cbdd92_857997328.jpeg?h=225&w=225
Tesco Finest 2 Cod And Parsley Fish Cakes 290G,€3.85,,€13.28/kg,https://www.tesco.ie/groceries/en-IE/products/312579120,https://digitalcontent.api.tesco.com/v2/media/ghs/9614321e-8531-4c63-85ea-cb97fcfa4e08/836a8ef4-21a6-4dd0-b3d0-bd1ef780b6b9_865745494.jpeg?h=225&w=225
Keoh/Ob King Prawns Garlic Mixed Herb Butter 180G,€4.00,,€22.22/kg,https://www.tesco.ie/groceries/en-IE/products/307156870,https://digitalcontent.api.tesco.com/v2/media/ghs/49b86b4d-1a1d-48ae-9572-ce51e84556ef/8cced5d2-ce28-46db-abb9-a3d1b952a81a_415637596.jpeg?h=225&w=225
Mr Good's Fabulous Fish Salmn Darnes300g,€7.50,,€25.00/kg,https://www.tesco.ie/groceries/en-IE/products/303904176,https://digitalcontent.api.tesco.com/v2/media/ghs/4c574069-de38-47c9-ac85-d1d5463cff83/26708e8b-6b9b-4e40-88ae-7d1a3a2174e8_103056374.jpeg?h=225&w=225
Tesco Finest 2 Smoked Haddock Fish Cakes 290G,€3.85,,€13.28/kg,https://www.tesco.ie/groceries/en-IE/products/313860770,https://digitalcontent.api.tesco.com/v2/media/ghs/bc523ba4-06ad-4ec2-bdd7-a232a88a7c1e/e4534bdc-a443-45ff-b941-b54737cb5d88_558775336.jpeg?h=225&w=225
Shell Fish De La Mer West Cork Crab Claws 100G,€6.65,,€66.50/kg,https://www.tesco.ie/groceries/en-IE/products/302532686,https://digitalcontent.api.tesco.com/v2/media/ghs/9e606440-770a-46ff-bd52-88d15a33bd44/snapshotimagehandler_1347877055.jpeg?h=225&w=225
Atlantictresures Smoked Mackerel 170Gm,€3.50,,€20.59/kg,https://www.tesco.ie/groceries/en-IE/products/280557342,https://digitalcontent.api.tesco.com/v2/media/ghs/50df239a-93ac-4565-8334-a35a80d16099/1beb0c46-dfbd-4bec-9ede-7fe0c1e0b8aa_1192578932.jpeg?h=225&w=225
Keoh/Ob 2 Hot Small Salmon Fillets Black Peprcrn 180G,€6.00,,€33.33/kg,https://www.tesco.ie/groceries/en-IE/products/313738138,https://digitalcontent.api.tesco.com/v2/media/ghs/a15f4c72-466a-460d-9868-d10d64862e49/91221ccf-b376-4f4a-944a-87dc4f43aefe_1382609418.jpeg?h=225&w=225
Tesco Smoked Cod 250G,€4.49,,€17.96/kg,https://www.tesco.ie/groceries/en-IE/products/294292134,https://digitalcontent.api.tesco.com/v2/media/ghs/d6b1a447-bc93-4cc0-9385-5685d0f90341/snapshotimagehandler_29052302.jpeg?h=225&w=225
Atlantictresures Smoked Mackerel World Taste Ginger 170G,€3.50,,€20.59/kg,https://www.tesco.ie/groceries/en-IE/products/280557460,https://digitalcontent.api.tesco.com/v2/media/ghs/3a7702bc-ce18-49d0-8b74-39d2390efac7/2fc45d3d-24dc-4470-996e-5198d73097d0_1025339912.jpeg?h=225&w=225
Open Ocean Pil Pil King Prawns 90G,€2.99,,€33.22/kg,https://www.tesco.ie/groceries/en-IE/products/313838383,https://digitalcontent.api.tesco.com/v2/media/ghs/53076327-e9e9-4753-9d9a-62e96275d93d/59f04615-6bca-4624-b7dd-766956f6b055_1652633028.jpeg?h=225&w=225
Tesco Battered Irish Hake Fillet Bites 240G,€3.00,,€12.50/kg,https://www.tesco.ie/groceries/en-IE/products/312347017,https://digitalcontent.api.tesco.com/v2/media/ghs/976b8429-161d-4f51-af54-01612e2b3661/cdaad2cd-0e58-458a-a4a0-22d956675e84_339510875.jpeg?h=225&w=225
Keoh/Ob Asian Style Tuna Stir Fry 300G,€6.00,Any 2 for €10 Clubcard Price - Selected Crafty Chef Or Fit Foods Or Keohane Ready To Cook,€20.00/kg,https://www.tesco.ie/groceries/en-IE/products/315347091,https://digitalcontent.api.tesco.com/v2/media/ghs/c610dc49-55c8-42b4-9279-957fa4b26546/c2e4da0c-6a58-4825-bcec-6093dc68527e_577188827.jpeg?h=225&w=225
Good's Of Cork Cod Fillet With Salsa Verde 250G,€4.70,€4.20 Clubcard Price,€18.80/kg,https://www.tesco.ie/groceries/en-IE/products/310191007,https://digitalcontent.api.tesco.com/v2/media/ghs/f9309809-92a2-4ea1-94a2-98ca198569d2/93472741-91dc-42b7-8622-611bd4e2f6fd_2080246150.jpeg?h=225&w=225
"Tesco 2 Cod Fillets With Lem, Black Pepper And Dill 250G",€4.50,,€18.00/kg,https://www.tesco.ie/groceries/en-IE/products/310119058,https://digitalcontent.api.tesco.com/v2/media/ghs/984fc88b-f141-47a5-bd85-246b84ea9793/b245fea1-ef57-4893-9e1c-08838875a522_1853246813.jpeg?h=225&w=225
