Title,Price,Promotional Price,Price Per,Product URL,Image URL
Alpro Vanilla Dairy Free Soya Yoghurt Alternative 500g,€2.49,€2.00 Clubcard Price,€4.98/kg,https://www.tesco.ie/groceries/en-IE/products/264930746,https://digitalcontent.api.tesco.com/v2/media/ghs/897900c3-5c35-421c-b33e-874d475da094/273c6e3c-0d96-4482-a5f7-eee42ec60021.jpeg?h=225&w=225
Alpro Greek Style Plain Dairy Free Yoghurt Alternative 400g,€2.49,€2.00 Clubcard Price,€6.22/kg,https://www.tesco.ie/groceries/en-IE/products/293836686,https://digitalcontent.api.tesco.com/v2/media/ghs/152ead69-ddb2-4193-807c-4ced19d7d3fd/46cc32e2-ffc2-4629-8b51-808042d52f6b.jpeg?h=225&w=225
Free From Violife Sliced Cheese Alternative 200G,€3.69,€3.00 Clubcard Price,€18.45/kg,https://www.tesco.ie/groceries/en-IE/products/285363364,https://digitalcontent.api.tesco.com/v2/media/ghs/47bcfa39-c519-4719-ac4c-95412e91cd3b/93b3f2af-1bba-437c-bf4d-b15811f35319.jpeg?h=225&w=225
Alpro Cherry Dairy Free Soya Yoghurt Alternative 500g,€2.49,€2.00 Clubcard Price,€4.98/kg,https://www.tesco.ie/groceries/en-IE/products/293836945,https://digitalcontent.api.tesco.com/v2/media/ghs/69d6c5dc-587e-4151-a1c3-3705095c1d0c/1e3939e6-3257-4e25-a45d-078e3aca7dae.jpeg?h=225&w=225
Alpro Greek Style Strawberry Raspberry Yoghurt Alternative 150g,€1.59,€1.30 Clubcard Price,€10.60/kg,https://www.tesco.ie/groceries/en-IE/products/296151638,https://digitalcontent.api.tesco.com/v2/media/ghs/f3ab252a-4bb9-4b7b-a322-ac7bc6d5c27f/bda2d972-0af2-437a-9799-1cd74180a41f.jpeg?h=225&w=225
Alpro Plain No Sugars Dairy Free Soya Yoghurt Alternative 500g,€2.49,€2.00 Clubcard Price,€4.98/kg,https://www.tesco.ie/groceries/en-IE/products/300161315,https://digitalcontent.api.tesco.com/v2/media/ghs/f1aa492f-9bb3-4437-8cd9-412799b86def/2eacb779-fccc-406d-b57b-d35e1ab1c025.jpeg?h=225&w=225
Alpro Strawberry Dairy Free Soya Yoghurt Alternative 500g,€2.49,€2.00 Clubcard Price,€4.98/kg,https://www.tesco.ie/groceries/en-IE/products/284254950,https://digitalcontent.api.tesco.com/v2/media/ghs/1a04f171-9108-4d20-a6fb-5c385a46b829/919f122f-44cb-4ddb-add3-c065707cfa72.jpeg?h=225&w=225
Alpro Plain Coconut Dairy Free Soya Yoghurt Alternative 500g,€2.49,€2.00 Clubcard Price,€4.98/kg,https://www.tesco.ie/groceries/en-IE/products/287042159,https://digitalcontent.api.tesco.com/v2/media/ghs/cb0e90a2-f4be-4282-a6f3-2d7255bdd2e5/0e5ae6fa-d510-4885-b512-d9fa720fec2e.jpeg?h=225&w=225
Alpro Strawberry Gut Health Dairy Free Soya Yoghurt Alternative 4x125g,€3.49,€2.50 Clubcard Price,€6.98/kg,https://www.tesco.ie/groceries/en-IE/products/314324062,https://digitalcontent.api.tesco.com/v2/media/ghs/79d42e84-4949-4d21-924c-88f5766d6e6d/df3d563d-c226-4ed0-b172-27bfe4d7a8df.jpeg?h=225&w=225
Alpro Blueberry Dairy Free Soya Yoghurt Alternative 500g,€2.49,€2.00 Clubcard Price,€4.98/kg,https://www.tesco.ie/groceries/en-IE/products/293836997,https://digitalcontent.api.tesco.com/v2/media/ghs/47cc61f9-b37d-4ec8-8f6d-8af8b161fe76/c7c5580f-141e-4d7f-a2ea-7f932f3cc64c.jpeg?h=225&w=225
Alpro Plain Natural Dairy Free Soya Yoghurt Alternative 500g,€2.49,€2.00 Clubcard Price,€4.98/kg,https://www.tesco.ie/groceries/en-IE/products/264866878,https://digitalcontent.api.tesco.com/v2/media/ghs/308e5cf2-ebf2-4223-9b6c-2da82bf8ef66/d5886407-448a-4891-9dc5-da8f65d020ff.jpeg?h=225&w=225
Philadelphia Vegan Almond & Oat Soft Cream Cheese Alternative 150G,€3.49,€2.75 Clubcard Price,€23.27/kg,https://www.tesco.ie/groceries/en-IE/products/309167312,https://digitalcontent.api.tesco.com/v2/media/ghs/ec4ba0dc-dcb5-4dd0-84d9-20a6b0baf48c/783c80ca-69ae-4caa-82d8-5bbf09ef9eb0_1283792580.jpeg?h=225&w=225
Alpro Greek Style Mango Dairy Free Yoghurt Alternative 150g,€1.59,€1.30 Clubcard Price,€10.60/kg,https://www.tesco.ie/groceries/en-IE/products/291730203,https://digitalcontent.api.tesco.com/v2/media/ghs/a595066e-8085-476d-a766-37777a67ac13/06b10747-0b49-4da3-8081-df23c7569836.jpeg?h=225&w=225
Alpro Peach Gut Health Dairy Free Soya Yoghurt Alternative 4x125g,€3.49,€2.50 Clubcard Price,€6.98/kg,https://www.tesco.ie/groceries/en-IE/products/314328461,https://digitalcontent.api.tesco.com/v2/media/ghs/0fd2e45b-8e86-4af3-9d33-146e4053f846/cd3afc6f-28e2-46f8-baaf-473bbe7759df.jpeg?h=225&w=225
Alpro No Added Sugar Mango Yoghurt Alternative 400G,€2.35,€2.00 Clubcard Price,€5.88/kg,https://www.tesco.ie/groceries/en-IE/products/297829660,https://digitalcontent.api.tesco.com/v2/media/ghs/bd4dd07f-1ff4-4e4c-80d3-afc6846c53b7/ce2dab4f-a909-41aa-b926-100e11fd6744_1515293182.jpeg?h=225&w=225
Dairygold White Grated Plnt/Bsd Cheese Alternative 200G,€3.50,€2.75 Clubcard Price,€17.50/kg,https://www.tesco.ie/groceries/en-IE/products/311788717,https://digitalcontent.api.tesco.com/v2/media/ghs/31f20f19-cfb7-4959-b77d-5fe0c7d28370/4019640e-11b2-4af0-95af-eda50330633c_1776641609.jpeg?h=225&w=225
Dairygold Plant Based Spread 227G,€1.99,€1.50 Clubcard Price,€8.77/kg,https://www.tesco.ie/groceries/en-IE/products/311805120,https://digitalcontent.api.tesco.com/v2/media/ghs/4606045f-4f8b-462c-9687-6ca040314a1f/1c144f5a-96fe-43e5-a995-0003d70f4690_1916979094.jpeg?h=225&w=225
Free From Violife Cream Cheese Alternative 200G,€3.69,€3.00 Clubcard Price,€18.45/kg,https://www.tesco.ie/groceries/en-IE/products/285363243,https://digitalcontent.api.tesco.com/v2/media/ghs/b19b1333-65fe-4f1e-aee2-eec90e25a56f/09a1268c-545f-4482-bf40-f1cfab808b1e.jpeg?h=225&w=225
Coconut Collaborative Little Chocolate Pots Dairy Free 4X45g,€3.49,€2.75 Clubcard Price,€19.39/kg,https://www.tesco.ie/groceries/en-IE/products/293624597,https://digitalcontent.api.tesco.com/v2/media/ghs/328599bc-2b8c-4903-a101-ff6f5315e4dc/f72e02a7-318e-4371-b7de-708303b9f469_1713635410.jpeg?h=225&w=225
Alpro Grk/Style Passion Fruit Yoghurt Alternative 150G,€1.69,€1.20 Clubcard Price,€11.27/kg,https://www.tesco.ie/groceries/en-IE/products/291729897,https://digitalcontent.api.tesco.com/v2/media/ghs/ab042c00-46ee-4ae9-8b8e-4492837ab70d/00b5c52f-88df-4b9f-8b1b-cb553b94a762_1748594902.jpeg?h=225&w=225
Sons Of Butchers Notzarella Grated 200G,€3.50,€2.75 Clubcard Price,€17.50/kg,https://www.tesco.ie/groceries/en-IE/products/313749047,https://digitalcontent.api.tesco.com/v2/media/ghs/4f60e666-07de-4aa6-a4f1-086756d58637/f1a55e9e-5bbb-4ca4-a53c-106b42e0004e_682771094.jpeg?h=225&w=225
Violife Vegan Grated Mozzarella 200G,€3.99,€3.00 Clubcard Price,€19.95/kg,https://www.tesco.ie/groceries/en-IE/products/302311625,https://digitalcontent.api.tesco.com/v2/media/ghs/a0872566-fe85-4e41-b4e3-0e2d6a2acc84/1d7f0974-83d4-4e85-be1e-bcc2caa79636_33060219.jpeg?h=225&w=225
Dairygold Mild And Creamy Plnt/Bsd White Slices 160G,€3.50,€2.75 Clubcard Price,€21.88/kg,https://www.tesco.ie/groceries/en-IE/products/311689849,https://digitalcontent.api.tesco.com/v2/media/ghs/c6d3bc0b-76f6-4238-a658-78c2bb535ba1/7772ef48-0e83-4b9b-bd57-bc5cd1bcb82d_1488609671.jpeg?h=225&w=225
Babybel Plant- Based Vegan Snacks 5X20g,€3.00,€2.50 Clubcard Price,€30.00/kg,https://www.tesco.ie/groceries/en-IE/products/314411497,https://digitalcontent.api.tesco.com/v2/media/ghs/30aa9dcb-4c5a-4995-87c0-31720421e38e/c2afc04d-def0-4be9-937a-3a65e637f500_237388157.jpeg?h=225&w=225
The Coconut Collaborative Vegan Double Cream 220Ml,€2.20,€1.69 Clubcard Price,€10.00/litre,https://www.tesco.ie/groceries/en-IE/products/312107052,https://digitalcontent.api.tesco.com/v2/media/ghs/e468121b-4b25-4dcf-a0ce-fc02924e387c/11202c46-fd9f-4746-9437-3ea53af8f97c_1599800193.jpeg?h=225&w=225
Violife Vegan Greek White Block 230G,€3.99,€3.00 Clubcard Price,€17.35/kg,https://www.tesco.ie/groceries/en-IE/products/302312238,https://digitalcontent.api.tesco.com/v2/media/ghs/05633f99-ca12-458f-b2ad-c71fad272a34/bb491c75-c31f-4f21-82ff-274d4c050ed3_357770377.jpeg?h=225&w=225
Violife Original Flavour Grated 200G,€3.99,€3.00 Clubcard Price,€19.95/kg,https://www.tesco.ie/groceries/en-IE/products/302277589,https://digitalcontent.api.tesco.com/v2/media/ghs/a63fb058-15c4-4c8b-a0e3-516a34cd04ad/70272e56-2a82-49d8-a62e-295ccaee7c28_649847526.jpeg?h=225&w=225
Sons Of Butchers Chedda Cheats Sliced 160G,€3.50,€2.75 Clubcard Price,€21.88/kg,https://www.tesco.ie/groceries/en-IE/products/313850972,https://digitalcontent.api.tesco.com/v2/media/ghs/a7bc742e-9f00-4b27-8d2a-7290825625d2/9a904bc4-b328-4ac5-a644-14cb5d602f36_78373248.jpeg?h=225&w=225
Dairygold Plant Based B'tter 250G,€2.49,€2.00 Clubcard Price,€9.96/kg,https://www.tesco.ie/groceries/en-IE/products/314601206,https://digitalcontent.api.tesco.com/v2/media/ghs/26d76db1-296f-486b-a86b-4bcea0d49014/43e45852-05dd-46ad-b7b9-877c07b7473f_1234926693.jpeg?h=225&w=225
Alpro Strawberry Banana Dairy Free Yoghurt Alternative 4x125g,Currently out of stock,,,https://www.tesco.ie/groceries/en-IE/products/307758709,https://digitalcontent.api.tesco.com/v2/media/ghs/b282c5b5-0fab-4056-be34-9107301e9cb9/cfa57d78-40ed-4205-ab20-188573808d78_661287577.jpeg?h=225&w=225
