Title,Price,Promotional Price,Price Per,Product URL,Image URL
Tesco Butter 454G,€2.99,,€6.59/kg,https://www.tesco.ie/groceries/en-IE/products/256148289,https://digitalcontent.api.tesco.com/v2/media/ghs/13c166e9-fc6d-48cb-9b8a-f4dce75ed4ba/94c8d44a-a6d7-4c5b-a143-80a17561fa85_598102234.jpeg?h=225&w=225
Tesco Fresh Milk 2 Litre,€2.09,,€1.04/litre,https://www.tesco.ie/groceries/en-IE/products/250005606,https://digitalcontent.api.tesco.com/v2/media/ghs/1cf822bb-7dae-431e-b900-7be39d965d1d/6a7581fd-06d1-4d39-9aba-397eb74d8e0f_966300345.jpeg?h=225&w=225
Tesco Full Fat Milk 3Ltr,€2.95,,€0.98/litre,https://www.tesco.ie/groceries/en-IE/products/260776455,https://digitalcontent.api.tesco.com/v2/media/ghs/28f7856e-97b1-4edb-a1b9-d6eb59a53604/snapshotimagehandler_417791735.jpeg?h=225&w=225
Tesco Low Fat Milk 2 Litre,€2.09,,€1.04/litre,https://www.tesco.ie/groceries/en-IE/products/250005508,https://digitalcontent.api.tesco.com/v2/media/ghs/9fe09ff4-3465-42fd-81aa-fbde36c2dc59/83999470-709e-467e-accd-a8e93d661bd8_1658446048.jpeg?h=225&w=225
Tesco Free Range Eggs Large Box Of 12,€4.09,,€0.34/each,https://www.tesco.ie/groceries/en-IE/products/260300783,https://digitalcontent.api.tesco.com/v2/media/ghs/84679b5b-d9a1-41b2-a807-1d2a1c1c9feb/ca41877d-9f8b-4e2d-8f4f-66d4ec8c4810_777315829.jpeg?h=225&w=225
Tesco Fresh Milk1ltr,€1.05,,€1.05/litre,https://www.tesco.ie/groceries/en-IE/products/292769732,https://digitalcontent.api.tesco.com/v2/media/ghs/747525ca-092f-4e71-9018-13dc375a7c60/snapshotimagehandler_1949915135.jpeg?h=225&w=225
Dairygold Original 454G,€3.59,€3.00 Clubcard Price,€7.91/kg,https://www.tesco.ie/groceries/en-IE/products/250808808,https://digitalcontent.api.tesco.com/v2/media/ghs/9f5f1197-70f0-48b8-8dfd-20e0462655c6/942bbe24-1e12-488a-abf1-e9bee337dfdf_1597895882.jpeg?h=225&w=225
Tesco Free Range Eggs Medium Box Of 12,€3.85,,€0.32/each,https://www.tesco.ie/groceries/en-IE/products/260300754,https://digitalcontent.api.tesco.com/v2/media/ghs/eea2184e-5dc5-46a7-84d6-acacdf4f6f1b/1e1f1ec8-d100-49d4-9cb6-e63345dc00ee_802658517.jpeg?h=225&w=225
Tesco 18 Medium Irish Barn Eggs,€3.75,,€0.21/each,https://www.tesco.ie/groceries/en-IE/products/314707485,https://digitalcontent.api.tesco.com/v2/media/ghs/d8dd03c7-c116-48d8-b769-7c9b7dada17d/56ea7f8d-7b7b-42f1-9cce-81cff1215ed3_93071308.jpeg?h=225&w=225
Tesco Free Range Eggs Large 6 Pack,€2.25,,€0.38/each,https://www.tesco.ie/groceries/en-IE/products/252807478,https://digitalcontent.api.tesco.com/v2/media/ghs/875e89bd-b4ce-4f71-b7bf-85d195e875ce/cfe91c9c-0a90-4818-8f42-3381688ef043_427278715.jpeg?h=225&w=225
Tesco Low Fat Milk 3L,€2.95,,€0.98/litre,https://www.tesco.ie/groceries/en-IE/products/266600067,https://digitalcontent.api.tesco.com/v2/media/ghs/02a5e12a-f544-4794-8f8e-dd73287d391b/snapshotimagehandler_1758162546.jpeg?h=225&w=225
Tesco Fresh Cream 250Ml,€1.39,,€5.56/litre,https://www.tesco.ie/groceries/en-IE/products/260349846,https://digitalcontent.api.tesco.com/v2/media/ghs/649cc3c6-6ba7-4f8d-9ba4-71f377792bdb/snapshotimagehandler_684203504.jpeg?h=225&w=225
Tesco Skim Milk 1Litre,€1.05,,€1.05/litre,https://www.tesco.ie/groceries/en-IE/products/292769818,https://digitalcontent.api.tesco.com/v2/media/ghs/03f7897e-41f8-4208-bf51-c4dc15d0e05d/snapshotimagehandler_1718394164.jpeg?h=225&w=225
Tesco Irish Cremery Butter 227G,€1.85,,€8.15/kg,https://www.tesco.ie/groceries/en-IE/products/268867214,https://digitalcontent.api.tesco.com/v2/media/ghs/871209be-e426-4a10-8174-8edb410ca626/7132e65d-87be-4249-a48a-da8bfecc085f_294511490.jpeg?h=225&w=225
Tesco Free Range Eggs Medium 6 Pack,€1.95,,€0.32/each,https://www.tesco.ie/groceries/en-IE/products/252807490,https://digitalcontent.api.tesco.com/v2/media/ghs/6d8444ed-e89a-44cf-b50f-020bed8bdab7/00e3c5ab-24b8-4b13-a4e9-06917ca38cf1_1310310890.jpeg?h=225&w=225
Tesco Low Fat Milk 1Ltr,€1.05,,€1.05/litre,https://www.tesco.ie/groceries/en-IE/products/292769790,https://digitalcontent.api.tesco.com/v2/media/ghs/d6e92b7a-c17c-4646-a88a-b7b61755ff9b/snapshotimagehandler_1504021801.jpeg?h=225&w=225
Avonmore Whole Super Milk 1.75L,€2.49,,€1.42/litre,https://www.tesco.ie/groceries/en-IE/products/268260995,https://digitalcontent.api.tesco.com/v2/media/ghs/897b1766-0abe-4ffa-9a33-7a5a5c472729/74b4cab5-5098-43c2-9464-302369a53fe8_1300325888.jpeg?h=225&w=225
Tesco Fresh Cream 500Ml,€2.39,,€4.78/litre,https://www.tesco.ie/groceries/en-IE/products/261908656,https://digitalcontent.api.tesco.com/v2/media/ghs/ca96cb43-4a39-42c4-b6ba-177d8052c52d/snapshotimagehandler_530311838.jpeg?h=225&w=225
Tesco Double Cream 250Ml,€1.39,,€5.56/litre,https://www.tesco.ie/groceries/en-IE/products/310168454,https://digitalcontent.api.tesco.com/v2/media/ghs/95e8422e-c6ff-40f5-b078-582a7e09bd0c/d450fd27-3560-4a02-8b9e-89c5b4b9f416_1108822553.jpeg?h=225&w=225
Kerrygold Butter 454 G,€4.29,,€9.45/kg,https://www.tesco.ie/groceries/en-IE/products/252293306,https://digitalcontent.api.tesco.com/v2/media/ghs/6a705afb-1c78-4bfd-b726-05103d7ebee2/ff70228c-9a36-4b1d-8b3a-44a9436dab5d_731092275.jpeg?h=225&w=225
Avonmore Low Fat Super Milk 1.75L,€2.49,,€1.42/litre,https://www.tesco.ie/groceries/en-IE/products/268261084,https://digitalcontent.api.tesco.com/v2/media/ghs/f9658778-f85d-466f-8740-8a4d241062f3/1c96148e-d8fc-489e-84dc-1077755e3ebf_1645764742.jpeg?h=225&w=225
Tesco Butter Unsalted Foil 227G,€1.85,,€8.15/kg,https://www.tesco.ie/groceries/en-IE/products/293542850,https://digitalcontent.api.tesco.com/v2/media/ghs/d2b4f18c-1710-4e9a-b019-8569c5309986/55173b80-0c8b-4469-8673-8d402091d3f7_1505650279.jpeg?h=225&w=225
Kerrygold Butter 227G,€2.49,,€10.97/kg,https://www.tesco.ie/groceries/en-IE/products/252293295,https://digitalcontent.api.tesco.com/v2/media/ghs/dcef3660-f0bf-4770-8d81-393afbd3cbfd/edb1ed07-0d64-46b5-b8d7-14a148110125_635476176.jpeg?h=225&w=225
Greenfield Large Eggs 20 Pack,€5.45,,€0.27/each,https://www.tesco.ie/groceries/en-IE/products/300963956,https://digitalcontent.api.tesco.com/v2/media/ghs/abfbd1a4-e3f0-4936-8692-39448230ff79/02a05d0a-640e-443a-a19e-ad8e4e277437_1546904333.jpeg?h=225&w=225
Tesco 12 Irish Barn Eggs,€2.75,,€0.23/each,https://www.tesco.ie/groceries/en-IE/products/314576877,https://digitalcontent.api.tesco.com/v2/media/ghs/b3d816b9-4283-4c37-8f52-b64b5727b41a/7576647f-6ac4-4fda-a4e1-e3872d93893d_485005357.jpeg?h=225&w=225
Tesco Sour Cream 300G,€1.45,,€4.83/kg,https://www.tesco.ie/groceries/en-IE/products/308085911,https://digitalcontent.api.tesco.com/v2/media/ghs/3acdb6c0-bd0a-4112-9f5c-f69f1ea77a0b/06f54e2d-fc29-4b33-835b-1eacddf294f4_1411206537.jpeg?h=225&w=225
Tesco Butter Milk 1 Litre,€1.00,,€1.00/litre,https://www.tesco.ie/groceries/en-IE/products/262218993,https://digitalcontent.api.tesco.com/v2/media/ghs/09ede35f-0d65-42bf-8868-24596f3ee947/snapshotimagehandler_1108807896.jpeg?h=225&w=225
Tesco Whipped Cream 350 Ml,€1.79,,€5.11/litre,https://www.tesco.ie/groceries/en-IE/products/298424100,https://digitalcontent.api.tesco.com/v2/media/ghs/3e00662b-10ee-4548-b50b-64a447a32561/snapshotimagehandler_1273550634.jpeg?h=225&w=225
Avonmore Milk 2 Litre,Currently out of stock,,,https://www.tesco.ie/groceries/en-IE/products/250004694,https://digitalcontent.api.tesco.com/v2/media/ghs/8f436daa-f749-4675-bfde-d8a2b462dd67/cfac9783-02be-4426-a8ff-2cc8c818a32a_2106185718.jpeg?h=225&w=225
Ballyfree Free Range Medium 10 Pack,€3.30,,€0.33/each,https://www.tesco.ie/groceries/en-IE/products/297165246,https://digitalcontent.api.tesco.com/v2/media/ghs/40f2c7d6-62f3-4189-9bb6-82d9c47ec229/3afe6d9e-7d1b-4b93-841d-2bc8583f857a_2125654963.jpeg?h=225&w=225
Tesco Full Fat Milk 1.75 Lt,€1.85,,€1.06/litre,https://www.tesco.ie/groceries/en-IE/products/302155003,https://digitalcontent.api.tesco.com/v2/media/ghs/eda3d7f9-a492-4181-9bc6-f17e01ec92ee/68284a8c-a511-4152-ac07-a3a5c8ab0af9_631584527.jpeg?h=225&w=225
Avonmore Supermilk L.Fat 1Ltr,€1.65,,€1.65/litre,https://www.tesco.ie/groceries/en-IE/products/250000750,https://digitalcontent.api.tesco.com/v2/media/ghs/45234fb6-6469-4ec3-b1ee-e22900b80628/802a133c-5ebb-4e1c-b01a-dd7c333514cf_200005562.jpeg?h=225&w=225
Tesco Lactose Free Milk Drink 1Liter,€1.49,,€1.49/litre,https://www.tesco.ie/groceries/en-IE/products/298404631,https://digitalcontent.api.tesco.com/v2/media/ghs/8a66b564-5e2f-4bc7-a9e3-9fc09d47c644/snapshotimagehandler_1541997697.jpeg?h=225&w=225
Connacht Gold Low Fat Butter 454G,€3.99,€3.20 Clubcard Price,€8.79/kg,https://www.tesco.ie/groceries/en-IE/products/252310685,https://digitalcontent.api.tesco.com/v2/media/ghs/ddf38502-7580-41d5-9834-6778faf8dcbb/1094ea5e-1f43-4180-bb91-45e01d1491a9_2012563667.jpeg?h=225&w=225
Avonmore Whole Super Milk 1 Litre,€1.65,,€1.65/litre,https://www.tesco.ie/groceries/en-IE/products/265021425,https://digitalcontent.api.tesco.com/v2/media/ghs/6b444440-f2cd-4adf-8e79-eaa557df35ff/353c6ce1-0cd7-4b3b-90ac-362fdbba6a2f_977645786.jpeg?h=225&w=225
Oatly Barista Edition Oat Long Life Drink 1L,€3.05,€2.50 Clubcard Price,€3.05/litre,https://www.tesco.ie/groceries/en-IE/products/292990463,https://digitalcontent.api.tesco.com/v2/media/ghs/d5851714-bd52-4c4d-ac5a-d54e698b7419/7e6bc714-372f-4b25-8633-40f61d82be28.jpeg?h=225&w=225
Tesco Slimline Milk 1Ltr,€1.15,,€1.15/litre,https://www.tesco.ie/groceries/en-IE/products/292769830,https://digitalcontent.api.tesco.com/v2/media/ghs/b5d25e2c-83ce-43e2-92ee-f815035101bb/snapshotimagehandler_1705144281.jpeg?h=225&w=225
Ballyfree Free Range Eggs Large 6 Pack,€3.25,Any 2 for €5 Clubcard Price - Selected Ballyfree Eggs 6 Pack,€0.54/each,https://www.tesco.ie/groceries/en-IE/products/250808929,https://digitalcontent.api.tesco.com/v2/media/ghs/3dbcc4d0-df0e-4151-91ab-455ed7687ee8/de17f5af-51a8-4671-a979-8b3b078d17d4_169190316.jpeg?h=225&w=225
Ballyfree Free Range Eggs Very Large 6 Pack,€3.25,Any 2 for €5 Clubcard Price - Selected Ballyfree Eggs 6 Pack,€0.54/each,https://www.tesco.ie/groceries/en-IE/products/253847578,https://digitalcontent.api.tesco.com/v2/media/ghs/4d233a1e-43b3-4a1f-9017-e62226d2b646/5307ade1-795f-4bec-baf3-8e700f6abfee_1619954430.jpeg?h=225&w=225
Kerrygold Spreadable Irish Butter 454G,€3.89,€3.00 Clubcard Price,€8.57/kg,https://www.tesco.ie/groceries/en-IE/products/308086979,https://digitalcontent.api.tesco.com/v2/media/ghs/4519fe11-c96b-48bb-9df5-36c547ad05c6/40109db5-88ad-4f05-9394-b54d057cb4d3_1688487054.jpeg?h=225&w=225
Tesco Oat Drink 1 Litre,€1.64,,€1.64/litre,https://www.tesco.ie/groceries/en-IE/products/307745622,https://digitalcontent.api.tesco.com/v2/media/ghs/e3ab9ef6-da3f-425b-a9a5-8bb2ae8ddb58/a2a5dbd4-e5b3-43ae-b095-1703f01d4f37.jpeg?h=225&w=225
Tesco Low Fat Fortified Milk 1.5 Lt,€1.75,,€1.17/litre,https://www.tesco.ie/groceries/en-IE/products/302168420,https://digitalcontent.api.tesco.com/v2/media/ghs/d2f9b044-e2da-486d-b433-ba15acbe9d78/snapshotimagehandler_1355468705.jpeg?h=225&w=225
Tesco Finest 6 Corns Fed Eggs Mixed Weight,€2.40,,€0.40/each,https://www.tesco.ie/groceries/en-IE/products/267430491,https://digitalcontent.api.tesco.com/v2/media/ghs/1b16c730-895c-4f1c-8f91-e3429ffe0e36/8039e008-f0b7-4413-a494-31e135e85a47_1578725934.jpeg?h=225&w=225
Tesco 6 Irish Barn Eggs,€1.39,,€0.23/each,https://www.tesco.ie/groceries/en-IE/products/314707404,https://digitalcontent.api.tesco.com/v2/media/ghs/f77b481f-8b89-4db2-8122-6a4ad70d671c/e3f46af0-ebbf-4ba0-837a-0caf5792aa38_516409062.jpeg?h=225&w=225
Avonmore Fresh Milk 2.75L,€2.99,,€1.09/litre,https://www.tesco.ie/groceries/en-IE/products/268526774,https://digitalcontent.api.tesco.com/v2/media/ghs/b895f27a-f34e-49aa-8f14-5b54f65a473c/c8571efc-27cf-41ad-ba28-9232f28c9e1f_1681383847.jpeg?h=225&w=225
Tesco Organic Eggs Medium Box Of 6,€2.69,,€0.45/each,https://www.tesco.ie/groceries/en-IE/products/260354701,https://digitalcontent.api.tesco.com/v2/media/ghs/b90cee0c-e530-48df-a2c7-2d6216b0635f/e28b10c5-df1a-479f-bc76-820cb25d68d3_730829765.jpeg?h=225&w=225
Tesco Fresh Milk 500Ml,€0.70,,€1.40/litre,https://www.tesco.ie/groceries/en-IE/products/292769876,https://digitalcontent.api.tesco.com/v2/media/ghs/75c094c7-16f9-4d6d-b51a-1c2b39969f57/snapshotimagehandler_1474449335.jpeg?h=225&w=225
Tesco Low Fat Milk 1.75 Lt,€1.85,,€1.06/litre,https://www.tesco.ie/groceries/en-IE/products/302155268,https://digitalcontent.api.tesco.com/v2/media/ghs/f957cd42-116d-4d83-9fa9-404b03013220/8b43b00d-1699-42e2-b99a-727672785e8a_1522053330.jpeg?h=225&w=225
Tesco Oat Drink 1L,€1.64,,€1.64/litre,https://www.tesco.ie/groceries/en-IE/products/307760281,https://digitalcontent.api.tesco.com/v2/media/ghs/a3b30aa5-2219-43c3-9242-132c9507fed2/1974c434-0b17-40df-80a5-3c065d99f5a9.jpeg?h=225&w=225
Avonmore Fresh Milk (Tb) 1Ltr,€1.49,,€1.49/litre,https://www.tesco.ie/groceries/en-IE/products/250004452,https://digitalcontent.api.tesco.com/v2/media/ghs/20b5abe8-2ad0-4486-99d5-cf6c1b495fce/398ee902-dae1-48d4-a40b-1e7f1d135f67_252630584.jpeg?h=225&w=225
Tesco Gold Spread Light 500G,€1.09,,€2.18/kg,https://www.tesco.ie/groceries/en-IE/products/271809741,https://digitalcontent.api.tesco.com/v2/media/ghs/01a77904-227b-4b09-85aa-e185a0f0a0ae/snapshotimagehandler_1955553713.jpeg?h=225&w=225
Tesco Organic Eggs Large Box Of 6,€2.95,,€0.49/each,https://www.tesco.ie/groceries/en-IE/products/260354684,https://digitalcontent.api.tesco.com/v2/media/ghs/87ddbc95-80a1-4b7e-8266-2a5bd34fcf2d/dc27baab-50a2-49d5-bfe6-b379cedadcf9_1686251781.jpeg?h=225&w=225
Avonmore Slimline 1Ltr,€1.39,,€1.39/litre,https://www.tesco.ie/groceries/en-IE/products/250004475,https://digitalcontent.api.tesco.com/v2/media/ghs/eeb0fcb5-a42d-4d14-8379-39a9672502ac/7828bd4b-e7f7-4b90-8d21-ef953f456b8b_942713729.jpeg?h=225&w=225
Tesco 50% Less Fat Creme Fraiche 300G,€1.45,,€4.83/kg,https://www.tesco.ie/groceries/en-IE/products/308093360,https://digitalcontent.api.tesco.com/v2/media/ghs/098a4b32-2ff8-4ddb-a814-fc437b1ee581/4aedb9cd-b042-4629-b0b2-7d27e1c03630_976637819.jpeg?h=225&w=225
Flora Lighter Spread With Natural Ingredients 450G,€3.25,,€7.22/kg,https://www.tesco.ie/groceries/en-IE/products/312563000,https://digitalcontent.api.tesco.com/v2/media/ghs/134bce70-0a7d-4cb4-a414-ad04168d7af2/bc35c2df-527a-4b2e-8b26-a327de244f64_1328475689.jpeg?h=225&w=225
Tesco Creme Fraiche 300G,€1.45,,€4.83/kg,https://www.tesco.ie/groceries/en-IE/products/308094779,https://digitalcontent.api.tesco.com/v2/media/ghs/b7e4cd4e-4462-49f7-a42e-94eda6596f9b/e62dacb6-8776-4d16-bfe8-6595b380fd40_597343587.jpeg?h=225&w=225
Kerrymaid Spread 454G,€2.59,,€5.70/kg,https://www.tesco.ie/groceries/en-IE/products/313515460,https://digitalcontent.api.tesco.com/v2/media/ghs/bd691451-b15f-4dfa-b76a-c16fee064896/9e51fbff-e79a-45da-b440-7c4d11263c68_1235819044.jpeg?h=225&w=225
Tesco Longlife Almond Drink Unsweetened 1Ltr,€1.55,,€1.55/litre,https://www.tesco.ie/groceries/en-IE/products/287531928,https://digitalcontent.api.tesco.com/v2/media/ghs/a7a0521a-cb7f-4900-afb6-a0fc4c67e438/2ae96e90-2403-4047-88b1-00d62f0c4e17.jpeg?h=225&w=225
Connacht Gold Spreadable Butter 454G,€3.70,,€8.15/kg,https://www.tesco.ie/groceries/en-IE/products/266434010,https://digitalcontent.api.tesco.com/v2/media/ghs/9197927d-d248-408a-a79c-5978f8a56ec8/b8e1dc49-69c2-4a5d-98c9-ecdf2be5420d_1769255132.jpeg?h=225&w=225
Tesco 6 Large Irish Barn Eggs,€1.60,,€0.27/each,https://www.tesco.ie/groceries/en-IE/products/314427067,https://digitalcontent.api.tesco.com/v2/media/ghs/3eef8c55-b200-42e3-870a-7d70fdd9db80/e0ee7395-b855-4941-a85f-347b8b49f2c2_363438336.jpeg?h=225&w=225
Yop Strawberry Drinkable Yoghurt 4 X 180G,€2.99,,€4.15/kg,https://www.tesco.ie/groceries/en-IE/products/305965219,https://digitalcontent.api.tesco.com/v2/media/ghs/ec211dc1-ba11-4ed5-ba60-b53846631b5f/83356dbb-9119-4f0a-a1b3-a9ec0b31a4c1_1782277396.jpeg?h=225&w=225
Dairygold Lighter 454G,€3.59,€3.00 Clubcard Price,€7.91/kg,https://www.tesco.ie/groceries/en-IE/products/250809525,https://digitalcontent.api.tesco.com/v2/media/ghs/7ea15999-e4fc-4052-8670-e50ceee3bd14/snapshotimagehandler_618008692.jpeg?h=225&w=225
Avonmore Sour Cream 200Ml,€1.69,,€8.45/litre,https://www.tesco.ie/groceries/en-IE/products/252880168,https://digitalcontent.api.tesco.com/v2/media/ghs/e517c71d-0efc-4679-8e43-35b0d1559213/f2d3c5d1-2d52-4270-8b9c-3a5b234484fb_609988059.jpeg?h=225&w=225
Mooju Milk Chocolate Carton 750Ml,€1.99,,€2.65/litre,https://www.tesco.ie/groceries/en-IE/products/272310384,https://digitalcontent.api.tesco.com/v2/media/ghs/949807e0-8609-40bb-9039-b0c786f2d97b/aa3be49a-cb0f-4662-b2ef-36acc5bb22bd_1022819252.jpeg?h=225&w=225
Tesco Butter Me Up 500G,€1.19,,€2.38/kg,https://www.tesco.ie/groceries/en-IE/products/285692210,https://digitalcontent.api.tesco.com/v2/media/ghs/07c40f19-ee91-41e4-8806-9f9180947ed0/snapshotimagehandler_1287622662.jpeg?h=225&w=225
Tesco Fresh Protein Milk 1Lt,€1.40,,€1.40/litre,https://www.tesco.ie/groceries/en-IE/products/294253285,https://digitalcontent.api.tesco.com/v2/media/ghs/5c5cacd8-8fe4-4f6e-9503-f19a66b1085f/snapshotimagehandler_1648253623.jpeg?h=225&w=225
Tesco Gold Spread 500G,€1.79,,€3.58/kg,https://www.tesco.ie/groceries/en-IE/products/271809551,https://digitalcontent.api.tesco.com/v2/media/ghs/5228a393-1927-4a35-9c9b-e0bf8b763df6/snapshotimagehandler_141165367.jpeg?h=225&w=225
Tesco Longlife Soya Drink Unsweetened 1Ltr,€0.89,,€0.89/litre,https://www.tesco.ie/groceries/en-IE/products/295790361,https://digitalcontent.api.tesco.com/v2/media/ghs/81d2f245-3c29-4dbe-9c10-21811437f7a6/4164edad-11ce-4ea3-aa0a-fbc8b4a7f2a5.jpeg?h=225&w=225
Stork Original Baking Block 250G,€1.35,,€5.40/kg,https://www.tesco.ie/groceries/en-IE/products/254263443,https://digitalcontent.api.tesco.com/v2/media/ghs/1b6529d3-030e-464d-8c90-87f63497d9db/b5ec4540-ed30-4c15-9f24-d89f1e3a3449_774595492.jpeg?h=225&w=225
Avonmore Lactose Free Milk 1L,€2.09,€1.50 Clubcard Price,€2.09/litre,https://www.tesco.ie/groceries/en-IE/products/264849398,https://digitalcontent.api.tesco.com/v2/media/ghs/a4f359fa-190e-409f-8790-157b0463c2b4/9867baa9-70e0-4541-ba7d-82005afcd709_1493262192.jpeg?h=225&w=225
Tesco Fresh Organic Milk 1L,€1.25,,€1.25/litre,https://www.tesco.ie/groceries/en-IE/products/256201376,https://digitalcontent.api.tesco.com/v2/media/ghs/08ef2d6a-bcae-45a2-ba35-9a70eab5f506/snapshotimagehandler_1380945788.jpeg?h=225&w=225
Tesco Butter Me Up 1Kg,€1.99,,€1.99/kg,https://www.tesco.ie/groceries/en-IE/products/285692665,https://digitalcontent.api.tesco.com/v2/media/ghs/74a874ab-167b-48b8-b187-7504893fa2da/snapshotimagehandler_1380449069.jpeg?h=225&w=225
Low Low Original Spread 454G,€2.99,€2.50 Clubcard Price,€6.59/kg,https://www.tesco.ie/groceries/en-IE/products/313380214,https://digitalcontent.api.tesco.com/v2/media/ghs/9c463d7b-fcce-4ccb-978b-b14e93fc6efd/6d01c7e5-765a-401c-9313-cb9880693b4c_1528159327.jpeg?h=225&w=225
Avonmore Fresh Light Milk 2 Litre,€2.49,,€1.24/litre,https://www.tesco.ie/groceries/en-IE/products/250005416,https://digitalcontent.api.tesco.com/v2/media/ghs/c4c2d63e-28dc-47d2-bf00-8bfef919a398/d88c1002-e359-42b7-95fd-8697c12b8ac5_757715833.jpeg?h=225&w=225
Dairygold Original 908G,€6.39,,€7.04/kg,https://www.tesco.ie/groceries/en-IE/products/250808964,https://digitalcontent.api.tesco.com/v2/media/ghs/688af42e-149f-4ab0-83dc-766a0e214f9a/94c39c88-855f-4b65-895e-9513fb9f87a4_59442891.jpeg?h=225&w=225
Greenfield Big 6 Pack,€2.35,2 for €3.50 Clubcard Price - Greenfield Eggs 6 Pack,€0.39/each,https://www.tesco.ie/groceries/en-IE/products/300963547,https://digitalcontent.api.tesco.com/v2/media/ghs/d0939648-9888-491a-b93d-7fdcf1b03f76/2dd212af-9733-4aa8-acec-7e5dfa2f0ac9_1438551021.jpeg?h=225&w=225
Flora Original Spread with Natural Ingredients 450G,€3.25,,€7.22/kg,https://www.tesco.ie/groceries/en-IE/products/312561365,https://digitalcontent.api.tesco.com/v2/media/ghs/aab3f0ff-a971-4b52-bfa6-9108cdf11fe0/01fb8c17-91f2-4987-8f13-a78a6872d856_1689464249.jpeg?h=225&w=225
Tesco Low F Fortified 1L 10,€1.15,,€1.15/litre,https://www.tesco.ie/groceries/en-IE/products/292769853,https://digitalcontent.api.tesco.com/v2/media/ghs/eef1317b-b8b6-4ee3-b60d-f27a26051a1f/snapshotimagehandler_710568002.jpeg?h=225&w=225
Premier Milk 1 Litre,€1.49,,€1.49/litre,https://www.tesco.ie/groceries/en-IE/products/250000813,https://digitalcontent.api.tesco.com/v2/media/ghs/7f9585c3-399a-4e4d-a60a-e4c24c96f0cc/3493d917-a0d5-42f7-9a21-d4c570e1c658_937999747.jpeg?h=225&w=225
Tesco Almond Drink Unsweetened 1Ltr,€1.99,,€1.99/litre,https://www.tesco.ie/groceries/en-IE/products/300118132,https://digitalcontent.api.tesco.com/v2/media/ghs/7d8ca30c-41ec-4f59-b662-263ed9608b9b/2b8e72b3-9dfc-4b72-a473-1af006c1e12e.jpeg?h=225&w=225
Avonmore Unsalted Butter 227G,€2.20,,€9.69/kg,https://www.tesco.ie/groceries/en-IE/products/250844684,https://digitalcontent.api.tesco.com/v2/media/ghs/2c8de84c-6842-40bd-acf2-f0fda6361ed1/189f3203-c9ab-4a7a-90cd-f27f86ab55df_1355997587.jpeg?h=225&w=225
Avonmore Fresh Cream Resealable Bottle 250Ml,€2.19,,€8.76/litre,https://www.tesco.ie/groceries/en-IE/products/255674652,https://digitalcontent.api.tesco.com/v2/media/ghs/28887e34-cb09-4ba8-8aec-e319ddd78190/b082335a-2c62-4b3e-a380-46cca9119103_2003545384.jpeg?h=225&w=225
Avonmore Cooking Cream 250Ml,€2.19,,€8.76/litre,https://www.tesco.ie/groceries/en-IE/products/268263491,https://digitalcontent.api.tesco.com/v2/media/ghs/4b2680ee-d208-4cd2-88d1-d7a3ba7e0559/0f272e4e-e55d-4f4a-a71b-e75c7b479bfc_226420495.jpeg?h=225&w=225
Connacht Gold Soft Butter 454G,€3.99,,€8.79/kg,https://www.tesco.ie/groceries/en-IE/products/260369576,https://digitalcontent.api.tesco.com/v2/media/ghs/862e2ba2-9c17-4bb3-bb25-a64b069451df/f1ba09cf-9822-4186-8ed4-f70bcc78f6b6_64891585.jpeg?h=225&w=225
Dairygold Original 227G 227G,€2.19,,€9.65/kg,https://www.tesco.ie/groceries/en-IE/products/250808394,https://digitalcontent.api.tesco.com/v2/media/ghs/959db170-b3c7-4f1a-84e5-b28455b5c2f9/snapshotimagehandler_746099369.jpeg?h=225&w=225
Avonmore Whipped Cream 350Ml,€2.50,,€7.14/litre,https://www.tesco.ie/groceries/en-IE/products/250006087,https://digitalcontent.api.tesco.com/v2/media/ghs/5f57c68d-edcf-4730-a33b-c1ac3b16941d/6b0ea379-fc75-4f24-8f3a-3325004239ae_1978410142.jpeg?h=225&w=225
Alpro Almond No Sugar Long Life Dairy Free Drink 1L,€3.00,€2.00 Clubcard Price,€3.00/litre,https://www.tesco.ie/groceries/en-IE/products/276761995,https://digitalcontent.api.tesco.com/v2/media/ghs/17017d56-df9e-44ec-bf2a-fed6d6cab8fa/5e40a86b-1419-468b-bad4-8170209d1138.jpeg?h=225&w=225
Alpro Almond No Sugar Chilled Dairy Free Drink 1L,€2.89,€2.25 Clubcard Price,€2.89/litre,https://www.tesco.ie/groceries/en-IE/products/275067782,https://digitalcontent.api.tesco.com/v2/media/ghs/e2219627-4846-43db-8d33-3611c3924e44/b71b176b-6128-440f-84bc-f1526f8e4a03.jpeg?h=225&w=225
Tesco Longlife Soya Drink Sweetened 1Ltr,€0.89,,€0.89/litre,https://www.tesco.ie/groceries/en-IE/products/256438810,https://digitalcontent.api.tesco.com/v2/media/ghs/8e3a2f71-d90e-4597-9ad0-75e864bbdfc1/3f709457-ab59-4722-bc0d-355f7f00bb03.jpeg?h=225&w=225
Avonmore Light Cream 250Ml,€2.19,,€8.76/litre,https://www.tesco.ie/groceries/en-IE/products/250005727,https://digitalcontent.api.tesco.com/v2/media/ghs/e3b7fd57-4be5-4352-98e3-07e4448575b8/3ccef9f8-79e4-4316-b67a-dafb0caa5488_786688328.jpeg?h=225&w=225
Tesco Fresh Organic Low Fat Milk 1L,€1.25,,€1.25/litre,https://www.tesco.ie/groceries/en-IE/products/256201468,https://digitalcontent.api.tesco.com/v2/media/ghs/63de82bb-f7a4-4604-bdd9-38f95387c666/snapshotimagehandler_1357374136.jpeg?h=225&w=225
Garlicgold Premium Garlic Spread 125G,€1.79,,€14.32/kg,https://www.tesco.ie/groceries/en-IE/products/273550800,https://digitalcontent.api.tesco.com/v2/media/ghs/c8c04cec-81ac-41b0-816d-cbcce7833117/snapshotimagehandler_314389121.jpeg?h=225&w=225
Organic Full Fat Milk 1.75L,€2.55,,€1.46/litre,https://www.tesco.ie/groceries/en-IE/products/304578317,https://digitalcontent.api.tesco.com/v2/media/ghs/939aa734-b364-400e-8b31-6b9deaa9bd27/a2efdde5-e512-4ea8-b3af-5918b8a8990d_805907800.jpeg?h=225&w=225
Avonmore Fresh Luxury Custard 500G,€3.20,,€6.40/kg,https://www.tesco.ie/groceries/en-IE/products/259115698,https://digitalcontent.api.tesco.com/v2/media/ghs/a7f392b4-488e-4904-85fd-74bbb49664b8/f739c4d1-489d-4810-ab76-8a861f56c32c_1916960461.jpeg?h=225&w=225
Stork Original Baking Spread 500G,€2.65,,€5.30/kg,https://www.tesco.ie/groceries/en-IE/products/254263535,https://digitalcontent.api.tesco.com/v2/media/ghs/4a1e6f7b-58e4-4e09-9f49-d48c0bc41c93/6ebd8276-05e4-4a6d-b48f-d479d8561beb_1210444052.jpeg?h=225&w=225
Kerrygold Irish Creamery Salted Butter 454G,€4.35,,€9.58/kg,https://www.tesco.ie/groceries/en-IE/products/312985140,https://digitalcontent.api.tesco.com/v2/media/ghs/a5175d17-c202-484a-9f55-fe7a62f33c9f/1e83401b-cc07-4dac-8ed7-923f8f079cb8_62880821.jpeg?h=225&w=225
Alpro Oat No Sugar Long Life Dairy Free Drink 1L,€3.00,€2.00 Clubcard Price,€3.00/litre,https://www.tesco.ie/groceries/en-IE/products/304792587,https://digitalcontent.api.tesco.com/v2/media/ghs/5551e52d-199d-4e14-88e4-537d7181e653/ea501210-c711-4ffe-b2a3-1f36989f3217.jpeg?h=225&w=225
Glenisk Fresh Goats Milk 1 Litre,€2.85,,€2.85/litre,https://www.tesco.ie/groceries/en-IE/products/262373525,https://digitalcontent.api.tesco.com/v2/media/ghs/a99371ba-3ee6-4144-a09c-f39ec3d82c4a/snapshotimagehandler_1107146524.jpeg?h=225&w=225
Greenfield Big 10 Pack,€3.35,,€0.34/each,https://www.tesco.ie/groceries/en-IE/products/300963766,https://digitalcontent.api.tesco.com/v2/media/ghs/3a9db0c3-b2a7-4a69-a363-c741b91e5a7d/a65ed4e4-b8f1-4a38-b123-46876b47d1a8_330230172.jpeg?h=225&w=225
Tesco Low Fat Milk500ml,€0.70,,€1.40/litre,https://www.tesco.ie/groceries/en-IE/products/292769899,https://digitalcontent.api.tesco.com/v2/media/ghs/38d17a15-6276-466b-9e80-4088b3b50479/snapshotimagehandler_561243290.jpeg?h=225&w=225
Flahavan's Barista Oat Drink 1L,€2.79,,€2.79/litre,https://www.tesco.ie/groceries/en-IE/products/307161477,https://digitalcontent.api.tesco.com/v2/media/ghs/555a8555-714c-4b75-9ffa-39c12597daaf/snapshotimagehandler_170875888.jpeg?h=225&w=225
Tesco Finest* Omega 3 Free Range 10 Irish Eggs,€4.35,,€4.35/each,https://www.tesco.ie/groceries/en-IE/products/301939604,https://digitalcontent.api.tesco.com/v2/media/ghs/75afa0c5-a2e3-4056-a9ae-80175e114d1b/df86f62c-75c3-4554-923f-8b018b956a59_159892787.jpeg?h=225&w=225
Avonmore Protein Milk Chocolate 500Ml,€1.75,€1.25 Clubcard Price,€3.50/litre,https://www.tesco.ie/groceries/en-IE/products/296407723,https://digitalcontent.api.tesco.com/v2/media/ghs/16b80bfc-4c93-4785-8bcc-b6acdc1f4681/c6fa3ec3-d6e1-4551-8a4e-e5a4850c9da8_269225868.jpeg?h=225&w=225
Oegg Pasteurised Liquid Egg Whites 500G,€4.59,,€9.18/kg,https://www.tesco.ie/groceries/en-IE/products/280966799,https://digitalcontent.api.tesco.com/v2/media/ghs/717db450-d577-48aa-85af-b760ec2e0e5a/407c9fab-ce46-4f85-b184-7417cfb122b0_1541929192.jpeg?h=225&w=225
Alpro Oat No Sugar Chilled Dairy Free Drink 1L,€2.89,€2.25 Clubcard Price,€2.89/litre,https://www.tesco.ie/groceries/en-IE/products/302565353,https://digitalcontent.api.tesco.com/v2/media/ghs/792c94db-ef0c-450e-95b4-4f0ba44c110b/5e35fabe-b547-49ee-9901-e6368d368623.jpeg?h=225&w=225
Tesco Baking Fat 250G,€0.75,,€3.00/kg,https://www.tesco.ie/groceries/en-IE/products/285845520,https://digitalcontent.api.tesco.com/v2/media/ghs/c7cc4a3b-2d6a-463b-b3e1-2844d7dc7589/snapshotimagehandler_413628083.jpeg?h=225&w=225
Ballyfree Free Range Medium 6 Pack,€2.25,,€0.38/each,https://www.tesco.ie/groceries/en-IE/products/250809180,https://digitalcontent.api.tesco.com/v2/media/ghs/2127bb0c-a547-4a33-8795-c7dddccbfa70/2493ade2-3d74-4d37-b7f8-a07c84d5823a_1509552664.jpeg?h=225&w=225
Alpro Oat Original Long Life Dairy Free Drink 1L,€3.00,€2.00 Clubcard Price,€3.00/litre,https://www.tesco.ie/groceries/en-IE/products/280832278,https://digitalcontent.api.tesco.com/v2/media/ghs/6ff13776-05a8-41fb-9bcf-2e48ea2ae226/951e7aab-cd35-40c5-9486-9ea18896b27d.jpeg?h=225&w=225
Viva Chocolate Flavour Milk 3 X 200Ml,€1.65,,€2.75/litre,https://www.tesco.ie/groceries/en-IE/products/314843680,https://digitalcontent.api.tesco.com/v2/media/ghs/aa27a47e-4b80-4b04-81ad-7d1068a95b8f/c44e99ee-16d9-4491-a244-8682380c48ae_1760910129.jpeg?h=225&w=225
Tesco Free Range Very Large Eggs 10 Pack,€3.95,,€0.40/each,https://www.tesco.ie/groceries/en-IE/products/285414086,https://digitalcontent.api.tesco.com/v2/media/ghs/7f3d4507-66a8-4ec0-b213-96a53311b002/c7e3f45e-4368-41fc-9663-ad060317bb54_560893409.jpeg?h=225&w=225
Avonmore Butter Milk 1Ltr,€1.29,,€1.29/litre,https://www.tesco.ie/groceries/en-IE/products/250000842,https://digitalcontent.api.tesco.com/v2/media/ghs/7e1bbb07-6c6f-4b04-93cd-502ac8b2fe4f/snapshotimagehandler_454231465.jpeg?h=225&w=225
Tesco Soya Drink Unsweetened 1Ltr,€1.69,,€1.69/litre,https://www.tesco.ie/groceries/en-IE/products/300118034,https://digitalcontent.api.tesco.com/v2/media/ghs/08a2a9fc-9e2c-4f71-b72b-728391356a41/71aaadb2-f748-4dc4-a1c4-db72da5f58f7.jpeg?h=225&w=225
Flora Buttery Spread with Natural Ingredients 450G,€3.25,,€7.22/kg,https://www.tesco.ie/groceries/en-IE/products/312565758,https://digitalcontent.api.tesco.com/v2/media/ghs/651a953a-a7f4-408a-8a4a-b9002b9d4d9a/0d876f30-8a37-4250-a048-e275828bbdef_542855985.jpeg?h=225&w=225
Avonmore Super Milk Fat Free 1L,€1.65,,€1.65/litre,https://www.tesco.ie/groceries/en-IE/products/303239963,https://digitalcontent.api.tesco.com/v2/media/ghs/417ba71b-6c77-4b1b-9ccb-926243dcbc86/ac2e7279-1196-4899-8923-260609324cc6_142939081.jpeg?h=225&w=225
Flora Plant Butter Salted 250G,€2.19,€1.50 Clubcard Price,€8.76/kg,https://www.tesco.ie/groceries/en-IE/products/306944307,https://digitalcontent.api.tesco.com/v2/media/ghs/5e3fb77f-444c-43fb-b16f-c90f203bf520/7debe4a8-8817-4062-a6c8-713e117a9525_1984788122.jpeg?h=225&w=225
Kerrygold Unsalted Irish Butter 227G,€2.49,€2.00 Clubcard Price,€10.97/kg,https://www.tesco.ie/groceries/en-IE/products/308858562,https://digitalcontent.api.tesco.com/v2/media/ghs/9d5d9d22-a2ee-4aab-8571-ab290a17d4f0/ba1339ed-3707-475d-948a-c59c3da3363f_1091564851.jpeg?h=225&w=225
Flahavan's Organic Oat Drink 1L,€2.79,,€2.79/litre,https://www.tesco.ie/groceries/en-IE/products/307160599,https://digitalcontent.api.tesco.com/v2/media/ghs/70599c53-f734-46cb-8462-986048ea9656/snapshotimagehandler_985883538.jpeg?h=225&w=225
Avonmore Fresh Cream Resealable Bottle 500Ml,€3.89,,€7.78/litre,https://www.tesco.ie/groceries/en-IE/products/255674646,https://digitalcontent.api.tesco.com/v2/media/ghs/30d6633f-9a38-4b05-b813-da2e1a317844/9c8fd3e4-2af5-4b56-8738-6e8cbfe7a431_1790268991.jpeg?h=225&w=225
Avonmore Double Cream Bottle 229Ml,€2.99,,€13.06/litre,https://www.tesco.ie/groceries/en-IE/products/254529888,https://digitalcontent.api.tesco.com/v2/media/ghs/2f686141-7b33-4618-b042-d24b16621f0b/45d1264d-13b7-409f-a054-a1fc981cdc6c_155299467.jpeg?h=225&w=225
Alpro Soya Growing Up Long Life Dairy Free Drink 1-3+ Years 1L,€2.75,,€2.75/litre,https://www.tesco.ie/groceries/en-IE/products/267438511,https://digitalcontent.api.tesco.com/v2/media/ghs/ce4931f8-19be-4f13-9885-5f304b55c506/1efab344-063c-4c73-bf35-51ec1c264417.jpeg?h=225&w=225
Premier Milk Plastic Bottle 2 Litre,€2.49,,€1.24/litre,https://www.tesco.ie/groceries/en-IE/products/250004728,https://digitalcontent.api.tesco.com/v2/media/ghs/bdaf0b8b-89ce-413e-bd5f-f809e7443b54/3bc5f799-1225-441a-b4e0-b4c3069c4db1_1848301446.jpeg?h=225&w=225
Dairymaid Premium Spread 454G,€2.49,,€5.48/kg,https://www.tesco.ie/groceries/en-IE/products/277162216,https://digitalcontent.api.tesco.com/v2/media/ghs/150a8c0e-da1b-419d-879e-2059fa3f2495/snapshotimagehandler_420841971.jpeg?h=225&w=225
ProActiv Light Spread 450g,€7.00,€4.50 Clubcard Price,€15.56/kg,https://www.tesco.ie/groceries/en-IE/products/312346649,https://digitalcontent.api.tesco.com/v2/media/ghs/927a2101-b1e8-4aa2-8060-65ae154db464/d6ad115c-50c2-4126-9a12-ac20426acd2f_1823527869.jpeg?h=225&w=225
Connacht Gold L.F. Butter 227G,€2.30,,€10.15/kg,https://www.tesco.ie/groceries/en-IE/products/252310702,https://digitalcontent.api.tesco.com/v2/media/ghs/feb16b90-e9e3-4c83-9d24-28151ac05c48/60ecb096-625c-4edf-9b6c-a511a547958b_1190039346.jpeg?h=225&w=225
Alpro Barista Coconut Long Life Dairy Free Drink 1L,€3.45,€2.50 Clubcard Price,€3.45/litre,https://www.tesco.ie/groceries/en-IE/products/307741868,https://digitalcontent.api.tesco.com/v2/media/ghs/675cf324-ebb6-4267-9b3f-5b7509fbd218/ce067db9-cb92-4ce0-9a12-30f22a42aa13.jpeg?h=225&w=225
Lindahls Salted Caramel Protein Pudding 140G,€1.99,Any 2 for €3 Clubcard Price - Selected Lindahls Pudding 140g,€14.21/kg,https://www.tesco.ie/groceries/en-IE/products/311801406,https://digitalcontent.api.tesco.com/v2/media/ghs/856e3e7c-6bc8-43ee-9430-36eed61b829b/374295a4-6462-475a-91d7-778430a7d69f.jpeg?h=225&w=225
Avonmore Butter Spreadable 454G,€3.95,€3.50 Clubcard Price,€8.70/kg,https://www.tesco.ie/groceries/en-IE/products/250844281,https://digitalcontent.api.tesco.com/v2/media/ghs/48470639-3ae3-430c-a195-ebd85dd39ab8/snapshotimagehandler_1020045151.jpeg?h=225&w=225
Elmlea Double Alternative To Cream 270Ml,€2.05,,€7.59/litre,https://www.tesco.ie/groceries/en-IE/products/308088804,https://digitalcontent.api.tesco.com/v2/media/ghs/6793472e-4bb1-41be-8a0f-9e12facbb58f/f5308388-7805-4c42-95a8-98cb30695671_519678175.jpeg?h=225&w=225
Dairymaid Buttery Spread 500G,€2.49,,€4.98/kg,https://www.tesco.ie/groceries/en-IE/products/277162268,https://digitalcontent.api.tesco.com/v2/media/ghs/57cbc82a-2225-4d07-84e6-e2af4afe50bb/snapshotimagehandler_1161927385.jpeg?h=225&w=225
Low Low Gold Spread 454G,€3.19,€2.50 Clubcard Price,€7.03/kg,https://www.tesco.ie/groceries/en-IE/products/313367450,https://digitalcontent.api.tesco.com/v2/media/ghs/72066482-49b2-48c7-97f9-9701b92abf49/b9e49f52-6286-46cb-84e9-b84370c7f0a3_7679530.jpeg?h=225&w=225
Avonmore Light 1% Milk 2.75L,€2.99,,€1.09/litre,https://www.tesco.ie/groceries/en-IE/products/268526175,https://digitalcontent.api.tesco.com/v2/media/ghs/220874c3-0239-447b-83a6-786e163c7149/4224057c-e034-46b6-8b04-7e29f9e6938b_876255916.jpeg?h=225&w=225
Jus-Rol Pains Au Chocolat Dough 6 Pack 275G,€3.79,,€13.78/kg,https://www.tesco.ie/groceries/en-IE/products/273798639,https://digitalcontent.api.tesco.com/v2/media/ghs/473ac12c-df95-446e-b415-55619fb4a323/2826518a-5142-4a24-a8a1-c02e8ebf43ed.jpeg?h=225&w=225
Alpro Soya Chilled Drink 1 Litre,€2.89,€2.25 Clubcard Price,€2.89/litre,https://www.tesco.ie/groceries/en-IE/products/253528288,https://digitalcontent.api.tesco.com/v2/media/ghs/504e0420-2b70-4e40-ad78-9bf4ce6becb9/1d4aed8a-4892-44a8-9ad1-b262d7720ac5.jpeg?h=225&w=225
Avonmore Chocolate Protein Milk 1 Litre,€2.99,€2.50 Clubcard Price,€2.99/litre,https://www.tesco.ie/groceries/en-IE/products/307758584,https://digitalcontent.api.tesco.com/v2/media/ghs/623911dc-dae6-4e9a-ba84-5cda7d04e89a/3d92e247-3bee-4359-9f7f-c52e9fcbe24d_2057753217.jpeg?h=225&w=225
Tesco Coconut Drink 1 Litre,€1.95,,€1.95/litre,https://www.tesco.ie/groceries/en-IE/products/307759312,https://digitalcontent.api.tesco.com/v2/media/ghs/60acc9df-86a3-45d5-9eeb-45088bf16395/92131da0-10e8-4d03-a3d2-c460b88a7332.jpeg?h=225&w=225
Flahavan's Vitamin Rich Oat Drink 1L,€2.79,,€2.79/litre,https://www.tesco.ie/groceries/en-IE/products/306931616,https://digitalcontent.api.tesco.com/v2/media/ghs/f089c530-2813-47de-b52f-19e0b804f5e7/snapshotimagehandler_334249900.jpeg?h=225&w=225
Avonmore Protein Milk Vanilla 500Ml,€1.75,€1.25 Clubcard Price,€3.50/litre,https://www.tesco.ie/groceries/en-IE/products/293015794,https://digitalcontent.api.tesco.com/v2/media/ghs/0b58bd30-0bc9-412e-848c-cc2c0b8b10f0/cdaa8e22-ec55-4d7a-83f0-f965bca02c87_1945359298.jpeg?h=225&w=225
Mooju Milk Strwberry Carton 750Ml,€1.99,,€2.65/litre,https://www.tesco.ie/groceries/en-IE/products/272310637,https://digitalcontent.api.tesco.com/v2/media/ghs/f4c74d09-7534-4a00-9d15-e1411d53dd6b/653a84c7-dfbd-47ed-9d53-873192bc2822_1378030309.jpeg?h=225&w=225
ProActiv Buttery Taste Spread 450G,€7.00,€4.50 Clubcard Price,€15.56/kg,https://www.tesco.ie/groceries/en-IE/products/312355454,https://digitalcontent.api.tesco.com/v2/media/ghs/67dc9b53-c9c8-4e83-81ad-be33cec7be51/674f2615-75a3-4b01-8b14-c9ae06e2089a_848847150.jpeg?h=225&w=225
Elmlea Plant Double Alternative To Cream 250Ml,€2.25,,€9.00/litre,https://www.tesco.ie/groceries/en-IE/products/310107207,https://digitalcontent.api.tesco.com/v2/media/ghs/07cce3bc-7c21-46f5-868a-547f037be898/d2fe631e-b33a-4528-bc52-ead2a10f3f3c_1875771673.jpeg?h=225&w=225
Just Like Butter Buttery Spread 500G,€1.75,,€3.50/kg,https://www.tesco.ie/groceries/en-IE/products/282773494,https://digitalcontent.api.tesco.com/v2/media/ghs/8d8ab11d-17f8-4d5e-82f8-a107b2515830/snapshotimagehandler_1715531141.jpeg?h=225&w=225
Glenstal Irish Creamery Salted Butter 454G,€4.45,,€9.80/kg,https://www.tesco.ie/groceries/en-IE/products/290110547,https://digitalcontent.api.tesco.com/v2/media/ghs/bce9099d-9652-4667-b783-d604f8b82bcb/e0a77610-d74a-4e5d-9abc-373a8d98bb09_1243356791.jpeg?h=225&w=225
Mooju Milk Chocolate Carton 250Ml,€0.95,,€3.80/litre,https://www.tesco.ie/groceries/en-IE/products/272315908,https://digitalcontent.api.tesco.com/v2/media/ghs/a478983a-ae40-4692-a78e-d2ace92be40a/b4c52e96-d872-49f4-ad87-373e53102748_308445428.jpeg?h=225&w=225
Viva Strawberry Flavour Milk 3 X 200Ml,€1.65,,€2.75/litre,https://www.tesco.ie/groceries/en-IE/products/314841774,https://digitalcontent.api.tesco.com/v2/media/ghs/9b08721c-9dfb-4434-9575-e970b0682115/6b531202-cbc5-4918-a606-c1994c233db7_1230551374.jpeg?h=225&w=225
Avonmore Protein Milk 1 Litre,€2.29,€2.00 Clubcard Price,€2.29/litre,https://www.tesco.ie/groceries/en-IE/products/293994843,https://digitalcontent.api.tesco.com/v2/media/ghs/f648e31e-0cd2-4541-bf64-3368669c4d29/53db1674-2a45-49ea-b2aa-60085193b6c3_1098971867.jpeg?h=225&w=225
Glenstal Irish Creamery Salted Butter 227G,€2.99,,€13.17/kg,https://www.tesco.ie/groceries/en-IE/products/273164347,https://digitalcontent.api.tesco.com/v2/media/ghs/b6dbf097-1a24-456b-9a6d-05827f4b441a/5a5a4017-0e4f-42cc-be0e-2d03d7805696_550792164.jpeg?h=225&w=225
Spring Cool Cream 200G,€1.49,,€7.45/kg,https://www.tesco.ie/groceries/en-IE/products/250814478,https://digitalcontent.api.tesco.com/v2/media/ghs/9405649f-5bbf-433d-8c95-b1caf0ee9587/snapshotimagehandler_1379257606.jpeg?h=225&w=225
Golden Olive Oil Reduced Fat Spread 454G,€2.99,€2.50 Clubcard Price,€6.59/kg,https://www.tesco.ie/groceries/en-IE/products/313377478,https://digitalcontent.api.tesco.com/v2/media/ghs/8d0ee72a-92fa-44ab-bc84-4b64097ecf9e/466141e1-09be-4ad3-943b-02e7835c1dbd_1646689496.jpeg?h=225&w=225
Premier Low Fat Milk 1Ltr,€1.49,,€1.49/litre,https://www.tesco.ie/groceries/en-IE/products/250001069,https://digitalcontent.api.tesco.com/v2/media/ghs/fd769b4f-a917-47a3-ab42-a19057de990b/02053911-0461-4639-8197-72c38f388c80_1617512524.jpeg?h=225&w=225
Avonmore Super Milk Low Fat 500Ml,€0.95,,€1.90/litre,https://www.tesco.ie/groceries/en-IE/products/255360580,https://digitalcontent.api.tesco.com/v2/media/ghs/5759e6ae-c12a-4a9f-8d69-c3aafa1cca61/50668552-afae-4776-8e9d-cceee3c76205_1955699044.jpeg?h=225&w=225
Avonmore Salted Butter 227G,€2.20,,€9.69/kg,https://www.tesco.ie/groceries/en-IE/products/306330233,https://digitalcontent.api.tesco.com/v2/media/ghs/90b82c59-568a-4b4b-b110-ffbe1cc6be59/9a911b63-69e7-4b55-a984-60a2b3173d7c_900489666.jpeg?h=225&w=225
Connacht Gold Irish Butter 454G,€3.99,,€8.79/kg,https://www.tesco.ie/groceries/en-IE/products/259237801,https://digitalcontent.api.tesco.com/v2/media/ghs/5f430327-047b-4cdf-9128-6a6791cf4c89/666d2f07-8e9f-435d-8f54-d7d0c583f512_1722176213.jpeg?h=225&w=225
Benecol Buttery Spread 500G,€7.99,,€15.98/kg,https://www.tesco.ie/groceries/en-IE/products/260439056,https://digitalcontent.api.tesco.com/v2/media/ghs/b8c3d297-8d40-4d23-b03e-20fc6363f639/da9cca69-8480-4f52-a1f1-b75583f0d103_1485758148.jpeg?h=225&w=225
Avonmore Mooju Chocolate Milk 500Ml,€1.65,Meal Deal for €4.49 - Buy Any 1 Pasta Or Wrap Or Sandwich Or Salad Or Sushi & 1 Crisp Or Fruit & 1 Drink,€3.30/litre,https://www.tesco.ie/groceries/en-IE/products/286348462,https://digitalcontent.api.tesco.com/v2/media/ghs/8ba8f2ac-09db-4ff5-98f0-cf3fdc9045e4/fcf15c24-a473-4687-b77c-c841a3ea1b90_305829634.jpeg?h=225&w=225
Lakeland Semi Skimmed Milk 1 Litre,€1.25,,€1.25/litre,https://www.tesco.ie/groceries/en-IE/products/311254877,https://digitalcontent.api.tesco.com/v2/media/ghs/677a1aca-462e-4c1d-a39b-1d9a2a34ec0b/dfa1e2c8-1ad4-4935-bad2-3225c4df24f9_39442355.jpeg?h=225&w=225
Alpro Soya No Sugar Chilled Dairy Free Drink 1L,€2.89,€2.25 Clubcard Price,€2.89/litre,https://www.tesco.ie/groceries/en-IE/products/266567296,https://digitalcontent.api.tesco.com/v2/media/ghs/846233be-859e-43e0-8a90-455576329f7f/f6ecf70f-9441-443d-83b9-2b175312a47d.jpeg?h=225&w=225
Kerrygold Butter Sticks 100G,€1.49,,€14.90/kg,https://www.tesco.ie/groceries/en-IE/products/315563174,https://digitalcontent.api.tesco.com/v2/media/ghs/774ed290-bb19-4145-9b9f-1e5750b5837a/c5cc09b5-cb1b-43d9-a72d-53f1c4a6b53e_1277775804.jpeg?h=225&w=225
Flora Pro Activ Light Spread 250G,€3.50,,€14.00/kg,https://www.tesco.ie/groceries/en-IE/products/250139200,https://digitalcontent.api.tesco.com/v2/media/ghs/3b2c1d3f-ecf5-437c-8277-493d80455771/4e20e499-190c-42b5-a315-0b63ae03229e_369580435.jpeg?h=225&w=225
Alpro Oat Original Chilled Dairy Free Drink 1L,€2.89,€2.25 Clubcard Price,€2.89/litre,https://www.tesco.ie/groceries/en-IE/products/294083301,https://digitalcontent.api.tesco.com/v2/media/ghs/8182fbd1-53de-4da7-8c7a-37716a946d25/2244d6fe-ab91-467e-9167-dabbc2351593.jpeg?h=225&w=225
Alpro High Protein Soya Original Long Life Dairy Free Drink 1L,€3.45,€2.50 Clubcard Price,€3.45/litre,https://www.tesco.ie/groceries/en-IE/products/304799856,https://digitalcontent.api.tesco.com/v2/media/ghs/2ad1e572-b867-44a6-99dc-a4d585d90ce1/06c10100-b59c-4b23-ac57-6953d799cae0.jpeg?h=225&w=225
Alpro Almond Original Long Life Dairy Free Drink 1L,€3.00,€2.00 Clubcard Price,€3.00/litre,https://www.tesco.ie/groceries/en-IE/products/272012512,https://digitalcontent.api.tesco.com/v2/media/ghs/bf15bb00-685b-4ff4-b76c-8725cf565f45/4ae5e0e8-4a50-496d-8773-d95135ed8dd7.jpeg?h=225&w=225
Avonmore Vanilla Protein Milk 1Ltr,€2.99,€2.50 Clubcard Price,€2.99/litre,https://www.tesco.ie/groceries/en-IE/products/308465836,https://digitalcontent.api.tesco.com/v2/media/ghs/cf4c9bb3-015a-42a4-b474-a63b0b86a321/84d46416-21f7-4fd8-a9ba-b47acdd2341e_357774520.jpeg?h=225&w=225
Premier Low Fat Milk 2 Litre,€2.49,,€1.24/litre,https://www.tesco.ie/groceries/en-IE/products/250005324,https://digitalcontent.api.tesco.com/v2/media/ghs/7213412a-9452-49ba-bd02-bf041c734b93/snapshotimagehandler_1517843342.jpeg?h=225&w=225
Alpro Soya No Sugar Long Life Dairy Free Drink 1L,€3.00,,€3.00/litre,https://www.tesco.ie/groceries/en-IE/products/253178655,https://digitalcontent.api.tesco.com/v2/media/ghs/c49476d6-ebdd-45ae-96cc-415af37be23a/7b916917-e8b1-4c9a-98f7-82c038b0db3a.jpeg?h=225&w=225
Tesco Olive Spread 500G,€1.19,,€2.38/kg,https://www.tesco.ie/groceries/en-IE/products/285873941,https://digitalcontent.api.tesco.com/v2/media/ghs/177f2c35-cf18-4edf-9c6b-8f3242124da7/snapshotimagehandler_1353152754.jpeg?h=225&w=225
Alpro Barista Almond Long Life Dairy Free Drink 1L,€3.45,€2.50 Clubcard Price,€3.45/litre,https://www.tesco.ie/groceries/en-IE/products/304783080,https://digitalcontent.api.tesco.com/v2/media/ghs/5603484b-99f7-43b6-b9dc-55d235e2d6ce/2b5e021d-8498-4584-91cf-9d485c96832c.jpeg?h=225&w=225
Alpro Barista Oat Long Life Dairy Free Drink 1L,€3.45,€2.50 Clubcard Price,€3.45/litre,https://www.tesco.ie/groceries/en-IE/products/304788437,https://digitalcontent.api.tesco.com/v2/media/ghs/2eceb5c9-bacb-4865-b4ea-0fb836e25b5a/db2bd2a8-14b8-4bc1-bcc9-ab62ecd986f4.jpeg?h=225&w=225
Minor Figures Barista Light Oat Drink 1L,€2.69,€2.00 Clubcard Price,€2.69/litre,https://www.tesco.ie/groceries/en-IE/products/311439426,https://digitalcontent.api.tesco.com/v2/media/ghs/85c9f7b7-9e06-4136-b0e8-62f8e330bdcb/b5ac1a3c-62f1-447f-b477-8803b8e9e5cd.jpeg?h=225&w=225
Avonmore Milk 500Ml,€0.85,,€1.70/litre,https://www.tesco.ie/groceries/en-IE/products/250000335,https://digitalcontent.api.tesco.com/v2/media/ghs/bb0cc861-8a8e-4258-ab48-cdc8108eb617/4e3dda92-afd8-4aac-a97a-f87ee508b956_1124100097.jpeg?h=225&w=225
Califia Farms Oat Barista Blend 1Ltr,€2.99,€2.00 Clubcard Price,€2.99/litre,https://www.tesco.ie/groceries/en-IE/products/304406643,https://digitalcontent.api.tesco.com/v2/media/ghs/14a70435-d08d-4980-a729-2aa96b3f2bb4/c1beabba-5513-4cb0-80ef-a7ff506f4dbe.jpeg?h=225&w=225
Avonmore Slimline Milk 500 Ml,€0.95,,€1.90/litre,https://www.tesco.ie/groceries/en-IE/products/255360764,https://digitalcontent.api.tesco.com/v2/media/ghs/44c5997f-13c4-4ae2-afc6-c1a148070722/6da07ca6-bef5-4759-8cfb-3ae2f8c5ba2d_1586616561.jpeg?h=225&w=225
Alpro Oat Growing Up Long Life Dairy Free Drink 1-3+ Years 1L,€2.99,,€2.99/litre,https://www.tesco.ie/groceries/en-IE/products/310662597,https://digitalcontent.api.tesco.com/v2/media/ghs/0cb2e439-b2b7-47fe-85f7-b10bc1144686/e6633e14-695e-427b-81fc-f403ca55887d.jpeg?h=225&w=225
Alpro High Protein Soya Chocolate Long Life Dairy Free Drink 1L,€3.45,€2.50 Clubcard Price,€3.45/litre,https://www.tesco.ie/groceries/en-IE/products/304797893,https://digitalcontent.api.tesco.com/v2/media/ghs/88adc97d-bbc6-4198-9d54-644f4b40f170/027e7115-5868-425c-8ce1-2b324f276316.jpeg?h=225&w=225
Flora Plant Butter Spreadable 450G,€3.55,,€7.89/kg,https://www.tesco.ie/groceries/en-IE/products/309456097,https://digitalcontent.api.tesco.com/v2/media/ghs/d19991d5-cda7-4b5a-9c28-23d53909caca/49810581-2367-4640-9b65-12b116fc2dfd_942781344.jpeg?h=225&w=225
Flora Plant Butter Unsalted 250G,€2.19,€1.50 Clubcard Price,€8.76/kg,https://www.tesco.ie/groceries/en-IE/products/306932137,https://digitalcontent.api.tesco.com/v2/media/ghs/6731b521-09d5-423d-aab1-eb8f49cd9314/dc4b09ba-1ee0-4608-8f05-d403e3d44587_211616021.jpeg?h=225&w=225
Frytex Cooking Fat 250G,€1.15,,€4.60/kg,https://www.tesco.ie/groceries/en-IE/products/256152669,https://digitalcontent.api.tesco.com/v2/media/ghs/d556cfd9-f756-47db-99e8-efdc185688a5/snapshotimagehandler_67813667.jpeg?h=225&w=225
Dairygold Baking Block 250G,€1.29,,€5.16/kg,https://www.tesco.ie/groceries/en-IE/products/275077390,https://digitalcontent.api.tesco.com/v2/media/ghs/2edb729f-01f5-48c7-a283-313cbf4f80f9/61d77310-888f-425d-b69b-e00b3b34c515_421535172.jpeg?h=225&w=225
Or Real Irish Salted Butter 454G,€3.99,,€8.79/kg,https://www.tesco.ie/groceries/en-IE/products/314424491,https://digitalcontent.api.tesco.com/v2/media/ghs/ffd2c386-f4c8-46eb-b255-16665702bc11/7471fc8b-2a7f-4696-a10e-65e16c993719_1412336204.jpeg?h=225&w=225
Dairygold Softer 454G,€3.89,,€8.57/kg,https://www.tesco.ie/groceries/en-IE/products/294239660,https://digitalcontent.api.tesco.com/v2/media/ghs/5fac4535-14af-4ca2-96ff-f044f80a33a4/snapshotimagehandler_825237805.jpeg?h=225&w=225
Alpro Soya Vanilla Original Long Life Dairy Free Drink 1L,€3.15,,€3.15/litre,https://www.tesco.ie/groceries/en-IE/products/276760184,https://digitalcontent.api.tesco.com/v2/media/ghs/664a151e-bd9f-4832-b558-632520009d73/f714a193-8ef4-4e72-9c3f-22fee2c01e00.jpeg?h=225&w=225
Rude Health Organic Chilled Oat Drink 1Ltr,€2.99,€2.00 Clubcard Price,€2.99/litre,https://www.tesco.ie/groceries/en-IE/products/313371156,https://digitalcontent.api.tesco.com/v2/media/ghs/81206061-2c63-467b-acaf-1832eef6f16b/bd9530f4-ef95-4f48-89f6-75c22d53d49c_1977198968.jpeg?h=225&w=225
Tesco Almond Drink Sweetened 1Ltr,€1.99,,€1.99/litre,https://www.tesco.ie/groceries/en-IE/products/300661927,https://digitalcontent.api.tesco.com/v2/media/ghs/691e44df-efe9-4367-8e8e-18105b532771/992f210a-28a6-449f-b84d-c242a4372c0d.jpeg?h=225&w=225
Tesco Soya Drink Sweetened 1Ltr,€1.69,,€1.69/litre,https://www.tesco.ie/groceries/en-IE/products/300118092,https://digitalcontent.api.tesco.com/v2/media/ghs/90910710-20eb-4818-a2dd-0b9a13a70776/1027d232-ecb3-4d12-a438-0c67da4ec37a.jpeg?h=225&w=225
Avonmore Go Lite 1Ltr,€1.49,,€1.49/litre,https://www.tesco.ie/groceries/en-IE/products/250004469,https://digitalcontent.api.tesco.com/v2/media/ghs/fc2d87d0-3ae1-4296-909f-2f8711df50a2/c8738cde-ac3a-466e-bccb-6e63dcb2eda4_1680384813.jpeg?h=225&w=225
Low Low Original 250G,€2.09,,€8.36/kg,https://www.tesco.ie/groceries/en-IE/products/253911773,https://digitalcontent.api.tesco.com/v2/media/ghs/2e951320-61f8-41f1-accf-3508d0d46200/cdb72c7a-37e6-4d5e-a9eb-23d637fa4359_1659123947.jpeg?h=225&w=225
Rude Health Chilled Almond Drink 1 Litre,€2.99,€2.00 Clubcard Price,€2.99/litre,https://www.tesco.ie/groceries/en-IE/products/309175008,https://digitalcontent.api.tesco.com/v2/media/ghs/7f0e5fe8-bb7d-4400-9647-bb7ddcdbe6db/590dfb5f-3ea0-4c37-93fb-b81d1d453909_622817805.jpeg?h=225&w=225
The Coconut Collaborative Dairy Free Raspberry Coconut Yogurt 350G,€3.75,€2.49 Clubcard Price,€10.71/kg,https://www.tesco.ie/groceries/en-IE/products/311279822,https://digitalcontent.api.tesco.com/v2/media/ghs/68f709a3-a14f-4e38-bdc6-ccce5b41e59f/0d6f22f0-c51f-45f2-9bbc-a2e361900d55.jpeg?h=225&w=225
Alpro Soya Original Long Life Dairy Free Drink 1L,€2.89,,€2.89/litre,https://www.tesco.ie/groceries/en-IE/products/251523947,https://digitalcontent.api.tesco.com/v2/media/ghs/32c77c32-561b-4260-8224-cda5df612af2/5cc229eb-7cf6-4968-942f-26f8915359c4.jpeg?h=225&w=225
Califia Farms Oat Barista Drink 1L,€3.00,,€3.00/litre,https://www.tesco.ie/groceries/en-IE/products/309175515,https://digitalcontent.api.tesco.com/v2/media/ghs/6d30db02-6561-45c1-b92d-fd37fdf967eb/b52402ca-5e84-4503-b2b0-5d5f87717873_743926193.jpeg?h=225&w=225
Mooju Special Edition 750Ml,€1.99,,€2.65/litre,https://www.tesco.ie/groceries/en-IE/products/296407775,https://digitalcontent.api.tesco.com/v2/media/ghs/8927af8b-3bcc-4fb4-93ad-d998f2eaa914/788159a4-ab43-495a-aba4-7fad9389951c_644305643.jpeg?h=225&w=225
Irish Yogurts Creme Fraiche 250G,€1.75,,€7.00/kg,https://www.tesco.ie/groceries/en-IE/products/282279169,https://digitalcontent.api.tesco.com/v2/media/ghs/868d96e6-089d-486a-adee-8bf5abae377f/ba443302-4f24-44f4-ac56-a4381bcee982_1584185821.jpeg?h=225&w=225
Alpro Almond Original Chilled Dairy Free Drink 1L,€2.89,€2.25 Clubcard Price,€2.89/litre,https://www.tesco.ie/groceries/en-IE/products/272103255,https://digitalcontent.api.tesco.com/v2/media/ghs/d0a07668-489a-4b8a-9420-2d11766f3d79/1eb16b28-bcab-4435-969b-343e9c51a9c6.jpeg?h=225&w=225
Minor Figures Everyday Oat Drink 1 Litre,€2.69,,€2.69/litre,https://www.tesco.ie/groceries/en-IE/products/312572162,https://digitalcontent.api.tesco.com/v2/media/ghs/6f7d1943-8795-4fab-92a5-8ddbce6c0c7c/dabf891f-f327-46b5-b7df-0d7797e3a874_693083872.jpeg?h=225&w=225
Unsalted Butter 227G,€2.20,,€9.69/kg,https://www.tesco.ie/groceries/en-IE/products/277485905,https://digitalcontent.api.tesco.com/v2/media/ghs/344b0ee5-ac08-427a-ae4f-6208f32b7111/0e6d1185-6c8b-404e-bcd1-578641ec019e_1967251770.jpeg?h=225&w=225
Lakelands Pour And More Double Cream 250Ml,€1.79,,€7.16/litre,https://www.tesco.ie/groceries/en-IE/products/304590215,https://digitalcontent.api.tesco.com/v2/media/ghs/72f7185e-ba18-4ec7-a020-bc88fd299c1d/f9e65f1a-4c37-4426-b5d1-99c73ca81c44_535171097.jpeg?h=225&w=225
Rude Health Chilled Coconut Drink 1 Litre,€2.99,€2.00 Clubcard Price,€2.99/litre,https://www.tesco.ie/groceries/en-IE/products/309186491,https://digitalcontent.api.tesco.com/v2/media/ghs/920c1461-f0c2-4d24-b060-c309aa9b3e53/90152167-dca3-4dbf-aeb0-1e59ff2de090_518432991.jpeg?h=225&w=225
Riverview Eggs Large 20 Pack,€6.50,,€0.32/each,https://www.tesco.ie/groceries/en-IE/products/250819467,https://digitalcontent.api.tesco.com/v2/media/ghs/c6d68bcd-7792-49d7-95b5-f7168d9e00a6/9e7e21d8-a7cb-4946-910e-1e80a2145dcf_1459243390.jpeg?h=225&w=225
Koko Dairy Free Unsweetened Alternative Longlife Drink 1L,€2.59,,€2.59/litre,https://www.tesco.ie/groceries/en-IE/products/297673324,https://digitalcontent.api.tesco.com/v2/media/ghs/9a98d2ee-447d-4028-941f-9d66ab07961a/f4f9daaa-1244-4750-a87e-1643b8739cdc.jpeg?h=225&w=225
Avonmore Protein Milk Limited Edition 500Ml,€1.75,€1.25 Clubcard Price,€3.50/litre,https://www.tesco.ie/groceries/en-IE/products/304440526,https://digitalcontent.api.tesco.com/v2/media/ghs/f90a0310-6a78-4c35-9d6d-afe47ac46f38/7b48fb29-3830-4d9c-8a03-7c3696667e57_2051658467.jpeg?h=225&w=225
The Original Oatly Semi Oat Long Life Drink 1L,€3.05,€2.50 Clubcard Price,€3.05/litre,https://www.tesco.ie/groceries/en-IE/products/314325775,https://digitalcontent.api.tesco.com/v2/media/ghs/c45dc7d0-019b-4017-b279-115f1ce44913/efb03ba7-97c2-4d9e-95ef-914a24a98d1d_604525064.jpeg?h=225&w=225
Dairygold Mild And Creamy Plnt/Bsd White Slices 160G,€3.50,€2.75 Clubcard Price,€21.88/kg,https://www.tesco.ie/groceries/en-IE/products/311689849,https://digitalcontent.api.tesco.com/v2/media/ghs/c6d3bc0b-76f6-4238-a658-78c2bb535ba1/7772ef48-0e83-4b9b-bd57-bc5cd1bcb82d_1488609671.jpeg?h=225&w=225
Benecol Light Spread 500G,€7.99,,€15.98/kg,https://www.tesco.ie/groceries/en-IE/products/252552749,https://digitalcontent.api.tesco.com/v2/media/ghs/c22cbfc2-c0c0-4349-bcd1-ee2ab62db7ef/5604c18d-b16e-493a-88b9-59254230335f_1287601843.jpeg?h=225&w=225
Avonmore Protein Gold 500Ml,€1.95,Meal Deal for €4.49 - Buy Any 1 Pasta Or Wrap Or Sandwich Or Salad Or Sushi & 1 Crisp Or Fruit & 1 Drink,€3.90/litre,https://www.tesco.ie/groceries/en-IE/products/305296165,https://digitalcontent.api.tesco.com/v2/media/ghs/489d65e0-2382-4cb4-b48a-a8f3006198b7/844e1014-5e94-471f-a2c7-8b944caa78ab_152507841.jpeg?h=225&w=225
Alpro Soya Growing Up Drink 3X250ml,€2.69,,€3.59/litre,https://www.tesco.ie/groceries/en-IE/products/297878537,https://digitalcontent.api.tesco.com/v2/media/ghs/ec563dd3-24ce-4fc0-870c-7b8ff9caf3fa/a0687ba1-285c-4bae-a5ee-23e42e397b1f_1269120907.jpeg?h=225&w=225
Alpro Hazelnut Longlife Drink Alternative 1 Litre,€3.00,,€3.00/litre,https://www.tesco.ie/groceries/en-IE/products/272012817,https://digitalcontent.api.tesco.com/v2/media/ghs/0560b36f-efe2-4b42-ba89-4c1d5384adac/8517da56-b54b-4088-8415-896d49afa812.jpeg?h=225&w=225
Bertolli Original Spread 450G,€3.40,€2.50 Clubcard Price,€7.56/kg,https://www.tesco.ie/groceries/en-IE/products/312367872,https://digitalcontent.api.tesco.com/v2/media/ghs/3178a27a-e381-488a-b6cb-ef08a0fee3ba/9da2bfc6-79f7-495d-8b85-787faa74925a_1884567223.jpeg?h=225&w=225
Glenstal Irish Creamry Unsalted Butter 227G,€2.99,,€13.17/kg,https://www.tesco.ie/groceries/en-IE/products/275961299,https://digitalcontent.api.tesco.com/v2/media/ghs/99879d4e-2812-4377-aac7-06595c0ce62f/7bf91f50-3d0f-4285-9950-0b5f7c3152fb_1148636476.jpeg?h=225&w=225
Avonmore Mooju Limited Edition 750Ml,€1.99,,€2.65/litre,https://www.tesco.ie/groceries/en-IE/products/288406258,https://digitalcontent.api.tesco.com/v2/media/ghs/a93c484f-834e-4fbb-a781-2f3c3ff73a99/87d41548-4d7e-4a21-84c1-8486d3b870a0_2057922474.jpeg?h=225&w=225
Avonmore Pro Oats Vanilla Flavoured Milk Drink 500Ml,€1.95,€1.50 Clubcard Price,€3.90/litre,https://www.tesco.ie/groceries/en-IE/products/305974457,https://digitalcontent.api.tesco.com/v2/media/ghs/ea0b9902-f147-439d-9a99-80f2635e7f07/644760b9-83a1-45ce-b731-f79e27e9f518_1684649174.jpeg?h=225&w=225
Alpro Soya Chocolate Long Life Dairy Free Drink Multipack 3x250ml,€3.10,,€4.13/litre,https://www.tesco.ie/groceries/en-IE/products/250126054,https://digitalcontent.api.tesco.com/v2/media/ghs/bd4dcd7a-6c48-41c1-a7b6-6efef6f1aa57/8c9b8289-40a2-47ba-876f-4891130870e4_1194466144.jpeg?h=225&w=225
Alpro Coconut No Sugar Long Life Dairy Free Drink 1L,€2.99,,€2.99/litre,https://www.tesco.ie/groceries/en-IE/products/303917339,https://digitalcontent.api.tesco.com/v2/media/ghs/60e9a3c6-5161-4acf-920a-ab99a4b22cc1/3939bcb1-3503-4453-911c-424b537102aa.jpeg?h=225&w=225
Alpro Barista Oat Chilled Dairy Free Drink 750ml,€2.59,,€3.45/litre,https://www.tesco.ie/groceries/en-IE/products/309187115,https://digitalcontent.api.tesco.com/v2/media/ghs/b083d2ad-acb0-4477-abf1-89b25a0be47d/f78e7b25-1ef1-49aa-9650-ac7829f6a4c2.jpeg?h=225&w=225
Minor Figures Organic Barista Oat Drink 1L,€2.69,€2.00 Clubcard Price,€2.69/litre,https://www.tesco.ie/groceries/en-IE/products/311262317,https://digitalcontent.api.tesco.com/v2/media/ghs/e1cb3d5e-1b56-4c83-9dec-054d1b0a3193/7049c0c7-9673-4ea5-b9c8-4ccd903c3891.jpeg?h=225&w=225
Mooju Strawberry Milk 500Ml,€1.65,Meal Deal for €4.49 - Buy Any 1 Pasta Or Wrap Or Sandwich Or Salad Or Sushi & 1 Crisp Or Fruit & 1 Drink,€3.30/litre,https://www.tesco.ie/groceries/en-IE/products/305296211,https://digitalcontent.api.tesco.com/v2/media/ghs/701cbb11-376e-4fad-a059-90be9bede820/4a93b413-b69e-42f2-bedf-56e2f86564c8_1902918018.jpeg?h=225&w=225
Dairypak Irish Butter 500G,€2.49,,€4.98/kg,https://www.tesco.ie/groceries/en-IE/products/312222525,https://digitalcontent.api.tesco.com/v2/media/ghs/4c1700b7-d423-474a-b474-aaae6a6f0950/78836474-9989-4d82-a2fb-a33a885939ce_1557813924.jpeg?h=225&w=225
Tesco Coconut Drink Sweetened 1Ltr,€1.89,,€1.89/litre,https://www.tesco.ie/groceries/en-IE/products/300118119,https://digitalcontent.api.tesco.com/v2/media/ghs/bf32cca7-50f8-4eb7-802d-51c93e6beea3/04533e22-ac57-4685-a566-c597c045cb9b.jpeg?h=225&w=225
Koko Dairy Free Original Plus Calcium Longlife Drink 1L,€2.59,,€2.59/litre,https://www.tesco.ie/groceries/en-IE/products/276993835,https://digitalcontent.api.tesco.com/v2/media/ghs/1a4ea08f-c4dc-47fd-b88f-6331c53c0c74/af260810-3bb0-405f-9bbb-1bc747c70982.jpeg?h=225&w=225
Alpro Soya Chocolate Chilled Dairy Free Drink 1L,€2.89,€2.25 Clubcard Price,€2.89/litre,https://www.tesco.ie/groceries/en-IE/products/255769120,https://digitalcontent.api.tesco.com/v2/media/ghs/f62ddd0e-ac5d-40ab-b05b-237ba4aa97d5/613b6759-5cd9-469e-b236-67b0953463bc.jpeg?h=225&w=225
Lakelands Pour And More Single Cream 250Ml,€1.69,,€6.76/litre,https://www.tesco.ie/groceries/en-IE/products/304590267,https://digitalcontent.api.tesco.com/v2/media/ghs/c408a47e-3dce-47aa-a656-bafc2cf1b3ac/1a654adc-4e61-4ef5-a31c-29b560b7c027_350693644.jpeg?h=225&w=225
Alpro Coconut Original Chilled Dairy Free Drink 1L,€2.89,€2.25 Clubcard Price,€2.89/litre,https://www.tesco.ie/groceries/en-IE/products/282925010,https://digitalcontent.api.tesco.com/v2/media/ghs/436543d1-3e00-4e93-8c73-ecabef425236/10e146f0-9602-46ec-b1c7-256e96cd01d4.jpeg?h=225&w=225
Avonmore Protein Vanilla Gold Milk Drink 500Ml,€1.95,Meal Deal for €4.49 - Buy Any 1 Pasta Or Wrap Or Sandwich Or Salad Or Sushi & 1 Crisp Or Fruit & 1 Drink,€3.90/litre,https://www.tesco.ie/groceries/en-IE/products/310121817,https://digitalcontent.api.tesco.com/v2/media/ghs/61d2507d-ed47-4539-bdf6-3e997b38a053/3918e18c-2652-44d9-8544-1cf165c218de_250165266.jpeg?h=225&w=225
Oddly Good Barista Vanilla Oat Drink 1L,€3.25,,€3.25/litre,https://www.tesco.ie/groceries/en-IE/products/314421010,https://digitalcontent.api.tesco.com/v2/media/ghs/c50c960d-27f4-4a02-a1e4-0f408abc9d4e/257af441-5941-4d1c-ada5-00ab104cbddf_1269982873.jpeg?h=225&w=225
Avonmore Protein Milk 500Ml,€1.40,€1.25 Clubcard Price,€2.80/litre,https://www.tesco.ie/groceries/en-IE/products/293994866,https://digitalcontent.api.tesco.com/v2/media/ghs/899b8d82-0e96-4b9a-b4a8-bd22daaed240/fe616aac-cc0b-4ed6-9866-040dbb111bd8_342387003.jpeg?h=225&w=225
Alpro Light Soya Longlife Drink Alternative 1Lt,€2.99,,€2.99/litre,https://www.tesco.ie/groceries/en-IE/products/260556595,https://digitalcontent.api.tesco.com/v2/media/ghs/18a4de14-4fbe-48fd-970a-7e6d72a1a190/bd7c6fb6-299f-4030-bb57-1c3cf7da2ed6.jpeg?h=225&w=225
Alpro Soya Strawberry Longlife Drink 3 X250 Ml,€3.15,,€4.20/litre,https://www.tesco.ie/groceries/en-IE/products/256334414,https://digitalcontent.api.tesco.com/v2/media/ghs/a1581646-8662-49ce-ae8e-38ee6c49778c/8f62f25c-a252-4927-b17a-c5b31d9db96e_266738731.jpeg?h=225&w=225
The Original Oatly No Sugars Oat Long Life Drink 1L,€3.05,€2.50 Clubcard Price,€3.05/litre,https://www.tesco.ie/groceries/en-IE/products/314309927,https://digitalcontent.api.tesco.com/v2/media/ghs/82ec2922-c385-41f0-a6d9-500011dfbc6e/880b2e3e-b1d6-4660-8330-558b1cbf6cf6_200896103.jpeg?h=225&w=225
Alpro Coconut Longlife Drink Alternative 1 Litre,€3.00,,€3.00/litre,https://www.tesco.ie/groceries/en-IE/products/284904542,https://digitalcontent.api.tesco.com/v2/media/ghs/8133256b-21ca-438b-b988-52e911d35e55/c85a24f3-6c0d-4626-b94a-be1f017392c1.jpeg?h=225&w=225
Tesco Cholesterol Lowering Spread 500g,€3.50,,€7.00/kg,https://www.tesco.ie/groceries/en-IE/products/314948458,https://digitalcontent.api.tesco.com/v2/media/ghs/900ccf95-a298-4fc7-9240-74b5bfb5f3de/5369245e-900a-4679-8376-0765d03f7556_454635024.jpeg?h=225&w=225
Avonmore Dairy Free Oat Drink Original 1 Large,€2.79,€2.50 Clubcard Price,€2.79/litre,https://www.tesco.ie/groceries/en-IE/products/313967788,https://digitalcontent.api.tesco.com/v2/media/ghs/c4ef76e2-3e6f-4386-a2d6-89e7673848b1/caa4ca02-565d-4235-959c-82d2e467b410_331993013.jpeg?h=225&w=225
Oatly Chocolate Oat Long Life Drink 1L,€3.05,,€3.05/litre,https://www.tesco.ie/groceries/en-IE/products/261747006,https://digitalcontent.api.tesco.com/v2/media/ghs/cc942b6e-f983-4bb2-a6d1-cb33a6b9961c/6f320db1-244a-4a99-a29b-c850af5084af.jpeg?h=225&w=225
Alpro My Cuppa Soya Chilled Dairy Free Drink 750ml,€2.59,,€3.45/litre,https://www.tesco.ie/groceries/en-IE/products/307744208,https://digitalcontent.api.tesco.com/v2/media/ghs/c3d8e098-a3c6-4251-be92-5317cd680b7c/4950a4bb-00d0-4816-80e5-3ac3369608bc.jpeg?h=225&w=225
Alpro Hazelnut Chilled Dairy Free Drink 1L,€2.89,€2.25 Clubcard Price,€2.89/litre,https://www.tesco.ie/groceries/en-IE/products/272103606,https://digitalcontent.api.tesco.com/v2/media/ghs/fc6cea76-bf0d-42ae-b218-f93370106fd2/4919a0ae-61fd-472a-a16c-73703d2ec9e4.jpeg?h=225&w=225
ProActiv Olive Oil Spread 450g,€7.00,€4.50 Clubcard Price,€15.56/kg,https://www.tesco.ie/groceries/en-IE/products/312357170,https://digitalcontent.api.tesco.com/v2/media/ghs/af1339fb-9f55-4044-8c21-2f548c21494b/585fd3ea-1cd1-4a9a-8906-6c3dcf0d8d5f_964422368.jpeg?h=225&w=225
Oddly Good All-In Barista Oat Drink 1L,€2.95,€2.00 Clubcard Price,€2.95/litre,https://www.tesco.ie/groceries/en-IE/products/314306470,https://digitalcontent.api.tesco.com/v2/media/ghs/6104436e-ec27-4032-8db8-2c11f9ceb113/379cc8db-d908-46a4-a3d1-aaf015404415_1133525494.jpeg?h=225&w=225
Starbucks Coffee Caramel Macchiato 220 Ml,Currently out of stock,,,https://www.tesco.ie/groceries/en-IE/products/266891815,https://digitalcontent.api.tesco.com/v2/media/ghs/c1bfb55c-7a43-455f-ba2b-12f4bfc43503/de8987f8-21f5-42e6-81a6-c6fb81cfca66.jpeg?h=225&w=225
Alpro Soya Chocolate Longlife Drink Alternative 1 Litre,€3.50,,€3.50/litre,https://www.tesco.ie/groceries/en-IE/products/276745807,https://digitalcontent.api.tesco.com/v2/media/ghs/298106d2-0f7a-4291-9eb9-baf6a13e9dae/64867b07-9d17-41cc-86b5-92975b43cc24.jpeg?h=225&w=225
Alpro Light Fresh Drink Alternative Alternative 1L,€2.19,,€2.19/litre,https://www.tesco.ie/groceries/en-IE/products/258878182,https://digitalcontent.api.tesco.com/v2/media/ghs/7621eb5b-3a11-436d-90b7-c41936b9133d/a28aae59-0e50-4601-a038-5d9340e01c02_1332329040.jpeg?h=225&w=225
Oatly Organic Oat Long Life Drink 1L,€3.05,,€3.05/litre,https://www.tesco.ie/groceries/en-IE/products/251496638,https://digitalcontent.api.tesco.com/v2/media/ghs/5be0d425-a2b4-4dd8-88ae-ed0f55ab7043/db9c6984-3779-483f-809e-531c5fd44a96.jpeg?h=225&w=225
Premier Fresh Milk 500Ml,€0.85,,€1.70/litre,https://www.tesco.ie/groceries/en-IE/products/254544376,https://digitalcontent.api.tesco.com/v2/media/ghs/ec0d23f2-0c2f-4154-a3f3-354bc0bd2ce5/cc6e5395-cd59-4af9-9467-81055c2658f1_1460379346.jpeg?h=225&w=225
GetPro Chocolate Long Life High Protein Drink 330ml,€2.79,€1.85 Clubcard Price,€8.46/litre,https://www.tesco.ie/groceries/en-IE/products/314941917,https://digitalcontent.api.tesco.com/v2/media/ghs/0e8b390f-14c2-443b-a3d0-6d3dc1313645/90e260b9-afb6-4829-90b5-b866ba6ff2f0_1917968846.jpeg?h=225&w=225
Califia Farms Cold Brew Coffee Plus Caramel Oat 750Ml,€3.85,,€5.13/litre,https://www.tesco.ie/groceries/en-IE/products/311797404,https://digitalcontent.api.tesco.com/v2/media/ghs/60769220-b310-4846-8fd1-486951a7faf1/2da37296-b899-42a7-95ed-172c2cfa4932_13999217.jpeg?h=225&w=225
Riverview Free-Range Eggs 10 Medium,€3.70,,€0.37/each,https://www.tesco.ie/groceries/en-IE/products/282072839,https://digitalcontent.api.tesco.com/v2/media/ghs/696ea5cd-9d5c-4790-8902-472a2991a264/40ad0dc6-8c4b-43ce-9e4b-eae6a01512e4_1787124382.jpeg?h=225&w=225
Califia Farms Xx Espresso Cold Brew Dairy Free Coffee 750Ml,€3.89,,€5.19/litre,https://www.tesco.ie/groceries/en-IE/products/304395556,https://digitalcontent.api.tesco.com/v2/media/ghs/58ac21cf-9ae7-4667-8dc1-b04f39eabc74/4ffbbb67-bac7-4ba0-a4a3-cef65f1cbd1f_596692758.jpeg?h=225&w=225
Califia Farms Unsweetened Almond & Vanilla Drink 750Ml,€3.19,,€4.25/litre,https://www.tesco.ie/groceries/en-IE/products/304396152,https://digitalcontent.api.tesco.com/v2/media/ghs/c41b4e23-55e0-407b-8978-9ba4cdb9717d/dbf4c98b-caa0-4436-a0cb-60665aee5999_1224795461.jpeg?h=225&w=225
Riverview Eggs Free Range Eggs Medium 6 Pack,€2.45,,€0.41/each,https://www.tesco.ie/groceries/en-IE/products/254758532,https://digitalcontent.api.tesco.com/v2/media/ghs/ccb5790d-aa74-4e13-ae50-b627a163f0ac/145b2c33-901d-4f12-87d2-1f1813868319_336215521.jpeg?h=225&w=225
Alpro Barista Almond Chilled Dairy Free Drink 750ml,€2.59,,€3.45/litre,https://www.tesco.ie/groceries/en-IE/products/315061791,https://digitalcontent.api.tesco.com/v2/media/ghs/421559bb-c0ff-4506-a597-1c02da72d797/18234520-0174-4ef3-8a8f-0e3bbf3a1315.jpeg?h=225&w=225
Elmlea Single Alternative To Cream 270Ml,€1.80,,€6.67/litre,https://www.tesco.ie/groceries/en-IE/products/308822161,https://digitalcontent.api.tesco.com/v2/media/ghs/f76641b7-bd4b-420d-847a-40fd4eccf269/dd6d231a-bc74-471c-8daa-a7f2be1d7e9f_89274105.jpeg?h=225&w=225
Avonmore Dairy Free Oat Drink Barista 1L,€2.99,€2.50 Clubcard Price,€2.99/litre,https://www.tesco.ie/groceries/en-IE/products/313945077,https://digitalcontent.api.tesco.com/v2/media/ghs/5e8bc943-9ece-41da-9663-96e34954302c/002fc039-36a3-4f66-8805-6c20dc1bc329_928156769.jpeg?h=225&w=225
The Original Oatly Light Oat Long Life Drink 1L,€3.05,€2.50 Clubcard Price,€3.05/litre,https://www.tesco.ie/groceries/en-IE/products/314099903,https://digitalcontent.api.tesco.com/v2/media/ghs/b73ad813-2dfc-41e4-8475-6311deb3ecf3/0e0e111b-dd63-4878-af12-230a8e78feae_177319447.jpeg?h=225&w=225
Corrib Eggs 18 Large Farm Fresh Eggs,€5.65,,€0.31/each,https://www.tesco.ie/groceries/en-IE/products/312110669,https://digitalcontent.api.tesco.com/v2/media/ghs-mktg/b0b04216-fa73-466d-a9d7-c9fcfa1ce9b3/no-image.jpeg
Riverview Eggs Free Range Eggs Large 6 Pack,€2.85,,€0.48/each,https://www.tesco.ie/groceries/en-IE/products/254758388,https://digitalcontent.api.tesco.com/v2/media/ghs/cd9466ab-46dd-4349-bc6f-96237277cb2f/35746562-24fb-491e-8c5b-ce3efaf3a936_468708883.jpeg?h=225&w=225
Starbucks Double Shot Expresso 200Ml,€2.89,,€14.45/litre,https://www.tesco.ie/groceries/en-IE/products/312108500,https://digitalcontent.api.tesco.com/v2/media/ghs/14a64d96-16db-4607-b4c7-bb4dbbd33166/0825af92-6ee4-4139-a1cc-543cf12eaa12_685252557.jpeg?h=225&w=225
Glenilen Farm Clotted Cream 155g,€2.99,,€19.29/kg,https://www.tesco.ie/groceries/en-IE/products/315347085,https://digitalcontent.api.tesco.com/v2/media/ghs/99ad344a-8b64-4925-9bd9-56f4b2ff507f/a52d0fdd-16d7-4706-96ee-4fabb46c6b53_1033637373.jpeg?h=225&w=225
GetPro Vanilla Long Life High Protein Drink 330ml,€2.79,€1.85 Clubcard Price,€8.46/litre,https://www.tesco.ie/groceries/en-IE/products/315155346,https://digitalcontent.api.tesco.com/v2/media/ghs/a76c9c3c-ab79-4ac3-8497-6c3dc9673b5b/f91b0f5e-78dd-4777-bfab-a725b1129e4b_65975177.jpeg?h=225&w=225
Califia Farms Pumpkin Spice Coffee With Almond 750Ml,€3.89,,€5.19/litre,https://www.tesco.ie/groceries/en-IE/products/311261779,https://digitalcontent.api.tesco.com/v2/media/ghs/f5456548-4ca9-427c-8ece-c5612c7a1291/2f026cdb-6fba-4f5e-a995-b4a4c2de5a4c_1051278662.jpeg?h=225&w=225
Oddly Good Oat Drink 1L,€2.59,€2.00 Clubcard Price,€2.59/litre,https://www.tesco.ie/groceries/en-IE/products/314119616,https://digitalcontent.api.tesco.com/v2/media/ghs/e9291009-fb45-4224-af65-f2225fd29171/0748da42-d379-4d13-baa2-42b5233e60b0_1188090925.jpeg?h=225&w=225
Linda Mccartney Organic Soya Drink 1L,€1.35,Reduced to Clear Was €2.69 Now €1.35,€1.35/litre,https://www.tesco.ie/groceries/en-IE/products/311432635,https://digitalcontent.api.tesco.com/v2/media/ghs/2e86254c-0ba8-41b6-b8d9-c50323c7612f/a08f58a3-7f6b-4db9-ad56-c74ae3e3becf_2061398328.jpeg?h=225&w=225
Benecol Olive Oil Spread 500G,€7.99,,€15.98/kg,https://www.tesco.ie/groceries/en-IE/products/252574274,https://digitalcontent.api.tesco.com/v2/media/ghs/90529a96-3c07-4599-adfd-3d805488ffb5/e948eaf3-ced8-4716-b66c-db1e4b5031e7_1591810990.jpeg?h=225&w=225
Alpro This is Not M*lk Semi Chilled Oat Drink 750ml,€2.59,,€3.45/litre,https://www.tesco.ie/groceries/en-IE/products/315339930,https://digitalcontent.api.tesco.com/v2/media/ghs/4f770b28-1a86-4b50-a1f9-cfa9831daba1/f21b519c-240f-487a-ae1b-b997c5cf646a.jpeg?h=225&w=225
Yazoo Chilled Strawberry Flavour Milkshake 400Ml,€1.75,,€4.38/litre,https://www.tesco.ie/groceries/en-IE/products/290369713,https://digitalcontent.api.tesco.com/v2/media/ghs/2e7140c6-5779-4a3a-8b8c-bdff1594331f/f6321e9e-82d2-4368-9a62-8b426ff00f4e.jpeg?h=225&w=225
Minor Figures Barista Oat Drink 1L,€2.35,€2.00 Clubcard Price,€2.35/litre,https://www.tesco.ie/groceries/en-IE/products/311444765,https://digitalcontent.api.tesco.com/v2/media/ghs/3708c8f8-23ac-406b-8342-68d4bbbc80d5/30fb14de-6938-4491-bda7-d3baebca0db8.jpeg?h=225&w=225
Corrib Free Range 10 Large Eggs,€4.90,,€0.49/each,https://www.tesco.ie/groceries/en-IE/products/311961204,https://digitalcontent.api.tesco.com/v2/media/ghs-mktg/b0b04216-fa73-466d-a9d7-c9fcfa1ce9b3/no-image.jpeg
VIVA No Added Sugar Strawberry Flavour Milk Drink 1L,€1.59,,€1.59/litre,https://www.tesco.ie/groceries/en-IE/products/315374904,https://digitalcontent.api.tesco.com/v2/media/ghs/05805176-ad91-46c4-8672-60e09bb61245/b52448e6-5fc9-4ad2-9e39-5a664471b383_1310952414.jpeg?h=225&w=225
Chivers Raspberry Crystal Nas11.5G,€0.85,,€73.91/kg,https://www.tesco.ie/groceries/en-IE/products/289326472,https://digitalcontent.api.tesco.com/v2/media/ghs/c17740e5-dd3e-4915-9bfc-5d20c1b606be/snapshotimagehandler_1014096421.jpeg?h=225&w=225
Cookie Do Rainbow Chocolate Chip Cookies 360g,€3.99,,€11.08/kg,https://www.tesco.ie/groceries/en-IE/products/315457346,https://digitalcontent.api.tesco.com/v2/media/ghs-mktg/b0b04216-fa73-466d-a9d7-c9fcfa1ce9b3/no-image.jpeg
Cookie Do Triple Chocolate Chip Cookies 360g,€3.99,,€11.08/kg,https://www.tesco.ie/groceries/en-IE/products/315450060,https://digitalcontent.api.tesco.com/v2/media/ghs-mktg/b0b04216-fa73-466d-a9d7-c9fcfa1ce9b3/no-image.jpeg
Starbucks Caffe Latte Chilled Coffee 220Ml,€3.45,,€15.68/litre,https://www.tesco.ie/groceries/en-IE/products/312110099,https://digitalcontent.api.tesco.com/v2/media/ghs/0a61b087-093d-4f45-92c1-11d3c4cf9fe5/e1c2fc8a-76f3-4e7f-8226-4a25c40d2a5a_67273314.jpeg?h=225&w=225
Rathcore Hill Poultry Free Range 6 Large,€2.79,,€0.46/each,https://www.tesco.ie/groceries/en-IE/products/274400349,https://digitalcontent.api.tesco.com/v2/media/ghs-mktg/b0b04216-fa73-466d-a9d7-c9fcfa1ce9b3/no-image.jpeg
