Title,Price,Promotional Price,Price Per,Product URL,Image URL
Tesco Butter 454G,€2.99,,€6.59/kg,https://www.tesco.ie/groceries/en-IE/products/256148289,https://digitalcontent.api.tesco.com/v2/media/ghs/13c166e9-fc6d-48cb-9b8a-f4dce75ed4ba/94c8d44a-a6d7-4c5b-a143-80a17561fa85_598102234.jpeg?h=225&w=225
Dairygold Original 454G,€3.59,€3.00 Clubcard Price,€7.91/kg,https://www.tesco.ie/groceries/en-IE/products/250808808,https://digitalcontent.api.tesco.com/v2/media/ghs/9f5f1197-70f0-48b8-8dfd-20e0462655c6/942bbe24-1e12-488a-abf1-e9bee337dfdf_1597895882.jpeg?h=225&w=225
Tesco Irish Cremery Butter 227G,€1.85,,€8.15/kg,https://www.tesco.ie/groceries/en-IE/products/268867214,https://digitalcontent.api.tesco.com/v2/media/ghs/871209be-e426-4a10-8174-8edb410ca626/7132e65d-87be-4249-a48a-da8bfecc085f_294511490.jpeg?h=225&w=225
Kerrygold Butter 454 G,€4.29,,€9.45/kg,https://www.tesco.ie/groceries/en-IE/products/252293306,https://digitalcontent.api.tesco.com/v2/media/ghs/6a705afb-1c78-4bfd-b726-05103d7ebee2/ff70228c-9a36-4b1d-8b3a-44a9436dab5d_731092275.jpeg?h=225&w=225
Tesco Butter Unsalted Foil 227G,€1.85,,€8.15/kg,https://www.tesco.ie/groceries/en-IE/products/293542850,https://digitalcontent.api.tesco.com/v2/media/ghs/d2b4f18c-1710-4e9a-b019-8569c5309986/55173b80-0c8b-4469-8673-8d402091d3f7_1505650279.jpeg?h=225&w=225
Kerrygold Butter 227G,€2.49,,€10.97/kg,https://www.tesco.ie/groceries/en-IE/products/252293295,https://digitalcontent.api.tesco.com/v2/media/ghs/dcef3660-f0bf-4770-8d81-393afbd3cbfd/edb1ed07-0d64-46b5-b8d7-14a148110125_635476176.jpeg?h=225&w=225
Connacht Gold Low Fat Butter 454G,€3.99,€3.20 Clubcard Price,€8.79/kg,https://www.tesco.ie/groceries/en-IE/products/252310685,https://digitalcontent.api.tesco.com/v2/media/ghs/ddf38502-7580-41d5-9834-6778faf8dcbb/1094ea5e-1f43-4180-bb91-45e01d1491a9_2012563667.jpeg?h=225&w=225
Kerrygold Spreadable Irish Butter 454G,€3.89,€3.00 Clubcard Price,€8.57/kg,https://www.tesco.ie/groceries/en-IE/products/308086979,https://digitalcontent.api.tesco.com/v2/media/ghs/4519fe11-c96b-48bb-9df5-36c547ad05c6/40109db5-88ad-4f05-9394-b54d057cb4d3_1688487054.jpeg?h=225&w=225
Tesco Gold Spread Light 500G,€1.09,,€2.18/kg,https://www.tesco.ie/groceries/en-IE/products/271809741,https://digitalcontent.api.tesco.com/v2/media/ghs/01a77904-227b-4b09-85aa-e185a0f0a0ae/snapshotimagehandler_1955553713.jpeg?h=225&w=225
Flora Lighter Spread With Natural Ingredients 450G,€3.25,,€7.22/kg,https://www.tesco.ie/groceries/en-IE/products/312563000,https://digitalcontent.api.tesco.com/v2/media/ghs/134bce70-0a7d-4cb4-a414-ad04168d7af2/bc35c2df-527a-4b2e-8b26-a327de244f64_1328475689.jpeg?h=225&w=225
Kerrymaid Spread 454G,€2.59,,€5.70/kg,https://www.tesco.ie/groceries/en-IE/products/313515460,https://digitalcontent.api.tesco.com/v2/media/ghs/bd691451-b15f-4dfa-b76a-c16fee064896/9e51fbff-e79a-45da-b440-7c4d11263c68_1235819044.jpeg?h=225&w=225
Connacht Gold Spreadable Butter 454G,€3.70,,€8.15/kg,https://www.tesco.ie/groceries/en-IE/products/266434010,https://digitalcontent.api.tesco.com/v2/media/ghs/9197927d-d248-408a-a79c-5978f8a56ec8/b8e1dc49-69c2-4a5d-98c9-ecdf2be5420d_1769255132.jpeg?h=225&w=225
Dairygold Lighter 454G,€3.59,€3.00 Clubcard Price,€7.91/kg,https://www.tesco.ie/groceries/en-IE/products/250809525,https://digitalcontent.api.tesco.com/v2/media/ghs/7ea15999-e4fc-4052-8670-e50ceee3bd14/snapshotimagehandler_618008692.jpeg?h=225&w=225
Tesco Butter Me Up 500G,€1.19,,€2.38/kg,https://www.tesco.ie/groceries/en-IE/products/285692210,https://digitalcontent.api.tesco.com/v2/media/ghs/07c40f19-ee91-41e4-8806-9f9180947ed0/snapshotimagehandler_1287622662.jpeg?h=225&w=225
Tesco Gold Spread 500G,€1.79,,€3.58/kg,https://www.tesco.ie/groceries/en-IE/products/271809551,https://digitalcontent.api.tesco.com/v2/media/ghs/5228a393-1927-4a35-9c9b-e0bf8b763df6/snapshotimagehandler_141165367.jpeg?h=225&w=225
Stork Original Baking Block 250G,€1.35,,€5.40/kg,https://www.tesco.ie/groceries/en-IE/products/254263443,https://digitalcontent.api.tesco.com/v2/media/ghs/1b6529d3-030e-464d-8c90-87f63497d9db/b5ec4540-ed30-4c15-9f24-d89f1e3a3449_774595492.jpeg?h=225&w=225
Tesco Butter Me Up 1Kg,€1.99,,€1.99/kg,https://www.tesco.ie/groceries/en-IE/products/285692665,https://digitalcontent.api.tesco.com/v2/media/ghs/74a874ab-167b-48b8-b187-7504893fa2da/snapshotimagehandler_1380449069.jpeg?h=225&w=225
Low Low Original Spread 454G,€2.99,€2.50 Clubcard Price,€6.59/kg,https://www.tesco.ie/groceries/en-IE/products/313380214,https://digitalcontent.api.tesco.com/v2/media/ghs/9c463d7b-fcce-4ccb-978b-b14e93fc6efd/6d01c7e5-765a-401c-9313-cb9880693b4c_1528159327.jpeg?h=225&w=225
Dairygold Original 908G,€6.39,,€7.04/kg,https://www.tesco.ie/groceries/en-IE/products/250808964,https://digitalcontent.api.tesco.com/v2/media/ghs/688af42e-149f-4ab0-83dc-766a0e214f9a/94c39c88-855f-4b65-895e-9513fb9f87a4_59442891.jpeg?h=225&w=225
Flora Original Spread with Natural Ingredients 450G,€3.25,,€7.22/kg,https://www.tesco.ie/groceries/en-IE/products/312561365,https://digitalcontent.api.tesco.com/v2/media/ghs/aab3f0ff-a971-4b52-bfa6-9108cdf11fe0/01fb8c17-91f2-4987-8f13-a78a6872d856_1689464249.jpeg?h=225&w=225
Avonmore Unsalted Butter 227G,€2.20,,€9.69/kg,https://www.tesco.ie/groceries/en-IE/products/250844684,https://digitalcontent.api.tesco.com/v2/media/ghs/2c8de84c-6842-40bd-acf2-f0fda6361ed1/189f3203-c9ab-4a7a-90cd-f27f86ab55df_1355997587.jpeg?h=225&w=225
Connacht Gold Soft Butter 454G,€3.99,,€8.79/kg,https://www.tesco.ie/groceries/en-IE/products/260369576,https://digitalcontent.api.tesco.com/v2/media/ghs/862e2ba2-9c17-4bb3-bb25-a64b069451df/f1ba09cf-9822-4186-8ed4-f70bcc78f6b6_64891585.jpeg?h=225&w=225
Dairygold Original 227G 227G,€2.19,,€9.65/kg,https://www.tesco.ie/groceries/en-IE/products/250808394,https://digitalcontent.api.tesco.com/v2/media/ghs/959db170-b3c7-4f1a-84e5-b28455b5c2f9/snapshotimagehandler_746099369.jpeg?h=225&w=225
Garlicgold Premium Garlic Spread 125G,€1.79,,€14.32/kg,https://www.tesco.ie/groceries/en-IE/products/273550800,https://digitalcontent.api.tesco.com/v2/media/ghs/c8c04cec-81ac-41b0-816d-cbcce7833117/snapshotimagehandler_314389121.jpeg?h=225&w=225
Stork Original Baking Spread 500G,€2.65,,€5.30/kg,https://www.tesco.ie/groceries/en-IE/products/254263535,https://digitalcontent.api.tesco.com/v2/media/ghs/4a1e6f7b-58e4-4e09-9f49-d48c0bc41c93/6ebd8276-05e4-4a6d-b48f-d479d8561beb_1210444052.jpeg?h=225&w=225
Kerrygold Irish Creamery Salted Butter 454G,€4.35,,€9.58/kg,https://www.tesco.ie/groceries/en-IE/products/312985140,https://digitalcontent.api.tesco.com/v2/media/ghs/a5175d17-c202-484a-9f55-fe7a62f33c9f/1e83401b-cc07-4dac-8ed7-923f8f079cb8_62880821.jpeg?h=225&w=225
Oegg Pasteurised Liquid Egg Whites 500G,€4.59,,€9.18/kg,https://www.tesco.ie/groceries/en-IE/products/280966799,https://digitalcontent.api.tesco.com/v2/media/ghs/717db450-d577-48aa-85af-b760ec2e0e5a/407c9fab-ce46-4f85-b184-7417cfb122b0_1541929192.jpeg?h=225&w=225
Tesco Baking Fat 250G,€0.75,,€3.00/kg,https://www.tesco.ie/groceries/en-IE/products/285845520,https://digitalcontent.api.tesco.com/v2/media/ghs/c7cc4a3b-2d6a-463b-b3e1-2844d7dc7589/snapshotimagehandler_413628083.jpeg?h=225&w=225
Flora Buttery Spread with Natural Ingredients 450G,€3.25,,€7.22/kg,https://www.tesco.ie/groceries/en-IE/products/312565758,https://digitalcontent.api.tesco.com/v2/media/ghs/651a953a-a7f4-408a-8a4a-b9002b9d4d9a/0d876f30-8a37-4250-a048-e275828bbdef_542855985.jpeg?h=225&w=225
Flora Plant Butter Salted 250G,€2.19,€1.50 Clubcard Price,€8.76/kg,https://www.tesco.ie/groceries/en-IE/products/306944307,https://digitalcontent.api.tesco.com/v2/media/ghs/5e3fb77f-444c-43fb-b16f-c90f203bf520/7debe4a8-8817-4062-a6c8-713e117a9525_1984788122.jpeg?h=225&w=225
Kerrygold Unsalted Irish Butter 227G,€2.49,€2.00 Clubcard Price,€10.97/kg,https://www.tesco.ie/groceries/en-IE/products/308858562,https://digitalcontent.api.tesco.com/v2/media/ghs/9d5d9d22-a2ee-4aab-8571-ab290a17d4f0/ba1339ed-3707-475d-948a-c59c3da3363f_1091564851.jpeg?h=225&w=225
Dairymaid Premium Spread 454G,€2.49,,€5.48/kg,https://www.tesco.ie/groceries/en-IE/products/277162216,https://digitalcontent.api.tesco.com/v2/media/ghs/150a8c0e-da1b-419d-879e-2059fa3f2495/snapshotimagehandler_420841971.jpeg?h=225&w=225
ProActiv Light Spread 450g,€7.00,€4.50 Clubcard Price,€15.56/kg,https://www.tesco.ie/groceries/en-IE/products/312346649,https://digitalcontent.api.tesco.com/v2/media/ghs/927a2101-b1e8-4aa2-8060-65ae154db464/d6ad115c-50c2-4126-9a12-ac20426acd2f_1823527869.jpeg?h=225&w=225
Connacht Gold L.F. Butter 227G,€2.30,,€10.15/kg,https://www.tesco.ie/groceries/en-IE/products/252310702,https://digitalcontent.api.tesco.com/v2/media/ghs/feb16b90-e9e3-4c83-9d24-28151ac05c48/60ecb096-625c-4edf-9b6c-a511a547958b_1190039346.jpeg?h=225&w=225
Avonmore Butter Spreadable 454G,€3.95,€3.50 Clubcard Price,€8.70/kg,https://www.tesco.ie/groceries/en-IE/products/250844281,https://digitalcontent.api.tesco.com/v2/media/ghs/48470639-3ae3-430c-a195-ebd85dd39ab8/snapshotimagehandler_1020045151.jpeg?h=225&w=225
Dairymaid Buttery Spread 500G,€2.49,,€4.98/kg,https://www.tesco.ie/groceries/en-IE/products/277162268,https://digitalcontent.api.tesco.com/v2/media/ghs/57cbc82a-2225-4d07-84e6-e2af4afe50bb/snapshotimagehandler_1161927385.jpeg?h=225&w=225
Low Low Gold Spread 454G,€3.19,€2.50 Clubcard Price,€7.03/kg,https://www.tesco.ie/groceries/en-IE/products/313367450,https://digitalcontent.api.tesco.com/v2/media/ghs/72066482-49b2-48c7-97f9-9701b92abf49/b9e49f52-6286-46cb-84e9-b84370c7f0a3_7679530.jpeg?h=225&w=225
ProActiv Buttery Taste Spread 450G,€7.00,€4.50 Clubcard Price,€15.56/kg,https://www.tesco.ie/groceries/en-IE/products/312355454,https://digitalcontent.api.tesco.com/v2/media/ghs/67dc9b53-c9c8-4e83-81ad-be33cec7be51/674f2615-75a3-4b01-8b14-c9ae06e2089a_848847150.jpeg?h=225&w=225
Just Like Butter Buttery Spread 500G,€1.75,,€3.50/kg,https://www.tesco.ie/groceries/en-IE/products/282773494,https://digitalcontent.api.tesco.com/v2/media/ghs/8d8ab11d-17f8-4d5e-82f8-a107b2515830/snapshotimagehandler_1715531141.jpeg?h=225&w=225
Glenstal Irish Creamery Salted Butter 454G,€4.45,,€9.80/kg,https://www.tesco.ie/groceries/en-IE/products/290110547,https://digitalcontent.api.tesco.com/v2/media/ghs/bce9099d-9652-4667-b783-d604f8b82bcb/e0a77610-d74a-4e5d-9abc-373a8d98bb09_1243356791.jpeg?h=225&w=225
Glenstal Irish Creamery Salted Butter 227G,€2.99,,€13.17/kg,https://www.tesco.ie/groceries/en-IE/products/273164347,https://digitalcontent.api.tesco.com/v2/media/ghs/b6dbf097-1a24-456b-9a6d-05827f4b441a/5a5a4017-0e4f-42cc-be0e-2d03d7805696_550792164.jpeg?h=225&w=225
Golden Olive Oil Reduced Fat Spread 454G,€2.99,€2.50 Clubcard Price,€6.59/kg,https://www.tesco.ie/groceries/en-IE/products/313377478,https://digitalcontent.api.tesco.com/v2/media/ghs/8d0ee72a-92fa-44ab-bc84-4b64097ecf9e/466141e1-09be-4ad3-943b-02e7835c1dbd_1646689496.jpeg?h=225&w=225
Avonmore Salted Butter 227G,€2.20,,€9.69/kg,https://www.tesco.ie/groceries/en-IE/products/306330233,https://digitalcontent.api.tesco.com/v2/media/ghs/90b82c59-568a-4b4b-b110-ffbe1cc6be59/9a911b63-69e7-4b55-a984-60a2b3173d7c_900489666.jpeg?h=225&w=225
Connacht Gold Irish Butter 454G,€3.99,,€8.79/kg,https://www.tesco.ie/groceries/en-IE/products/259237801,https://digitalcontent.api.tesco.com/v2/media/ghs/5f430327-047b-4cdf-9128-6a6791cf4c89/666d2f07-8e9f-435d-8f54-d7d0c583f512_1722176213.jpeg?h=225&w=225
Benecol Buttery Spread 500G,€7.99,,€15.98/kg,https://www.tesco.ie/groceries/en-IE/products/260439056,https://digitalcontent.api.tesco.com/v2/media/ghs/b8c3d297-8d40-4d23-b03e-20fc6363f639/da9cca69-8480-4f52-a1f1-b75583f0d103_1485758148.jpeg?h=225&w=225
Kerrygold Butter Sticks 100G,€1.49,,€14.90/kg,https://www.tesco.ie/groceries/en-IE/products/315563174,https://digitalcontent.api.tesco.com/v2/media/ghs/774ed290-bb19-4145-9b9f-1e5750b5837a/c5cc09b5-cb1b-43d9-a72d-53f1c4a6b53e_1277775804.jpeg?h=225&w=225
Flora Pro Activ Light Spread 250G,€3.50,,€14.00/kg,https://www.tesco.ie/groceries/en-IE/products/250139200,https://digitalcontent.api.tesco.com/v2/media/ghs/3b2c1d3f-ecf5-437c-8277-493d80455771/4e20e499-190c-42b5-a315-0b63ae03229e_369580435.jpeg?h=225&w=225
Tesco Olive Spread 500G,€1.19,,€2.38/kg,https://www.tesco.ie/groceries/en-IE/products/285873941,https://digitalcontent.api.tesco.com/v2/media/ghs/177f2c35-cf18-4edf-9c6b-8f3242124da7/snapshotimagehandler_1353152754.jpeg?h=225&w=225
Flora Plant Butter Spreadable 450G,€3.55,,€7.89/kg,https://www.tesco.ie/groceries/en-IE/products/309456097,https://digitalcontent.api.tesco.com/v2/media/ghs/d19991d5-cda7-4b5a-9c28-23d53909caca/49810581-2367-4640-9b65-12b116fc2dfd_942781344.jpeg?h=225&w=225
Flora Plant Butter Unsalted 250G,€2.19,€1.50 Clubcard Price,€8.76/kg,https://www.tesco.ie/groceries/en-IE/products/306932137,https://digitalcontent.api.tesco.com/v2/media/ghs/6731b521-09d5-423d-aab1-eb8f49cd9314/dc4b09ba-1ee0-4608-8f05-d403e3d44587_211616021.jpeg?h=225&w=225
Frytex Cooking Fat 250G,€1.15,,€4.60/kg,https://www.tesco.ie/groceries/en-IE/products/256152669,https://digitalcontent.api.tesco.com/v2/media/ghs/d556cfd9-f756-47db-99e8-efdc185688a5/snapshotimagehandler_67813667.jpeg?h=225&w=225
Dairygold Baking Block 250G,€1.29,,€5.16/kg,https://www.tesco.ie/groceries/en-IE/products/275077390,https://digitalcontent.api.tesco.com/v2/media/ghs/2edb729f-01f5-48c7-a283-313cbf4f80f9/61d77310-888f-425d-b69b-e00b3b34c515_421535172.jpeg?h=225&w=225
Or Real Irish Salted Butter 454G,€3.99,,€8.79/kg,https://www.tesco.ie/groceries/en-IE/products/314424491,https://digitalcontent.api.tesco.com/v2/media/ghs/ffd2c386-f4c8-46eb-b255-16665702bc11/7471fc8b-2a7f-4696-a10e-65e16c993719_1412336204.jpeg?h=225&w=225
Dairygold Softer 454G,€3.89,,€8.57/kg,https://www.tesco.ie/groceries/en-IE/products/294239660,https://digitalcontent.api.tesco.com/v2/media/ghs/5fac4535-14af-4ca2-96ff-f044f80a33a4/snapshotimagehandler_825237805.jpeg?h=225&w=225
Low Low Original 250G,€2.09,,€8.36/kg,https://www.tesco.ie/groceries/en-IE/products/253911773,https://digitalcontent.api.tesco.com/v2/media/ghs/2e951320-61f8-41f1-accf-3508d0d46200/cdb72c7a-37e6-4d5e-a9eb-23d637fa4359_1659123947.jpeg?h=225&w=225
The Coconut Collaborative Dairy Free Raspberry Coconut Yogurt 350G,€3.75,€2.49 Clubcard Price,€10.71/kg,https://www.tesco.ie/groceries/en-IE/products/311279822,https://digitalcontent.api.tesco.com/v2/media/ghs/68f709a3-a14f-4e38-bdc6-ccce5b41e59f/0d6f22f0-c51f-45f2-9bbc-a2e361900d55.jpeg?h=225&w=225
Unsalted Butter 227G,€2.20,,€9.69/kg,https://www.tesco.ie/groceries/en-IE/products/277485905,https://digitalcontent.api.tesco.com/v2/media/ghs/344b0ee5-ac08-427a-ae4f-6208f32b7111/0e6d1185-6c8b-404e-bcd1-578641ec019e_1967251770.jpeg?h=225&w=225
Benecol Light Spread 500G,€7.99,,€15.98/kg,https://www.tesco.ie/groceries/en-IE/products/252552749,https://digitalcontent.api.tesco.com/v2/media/ghs/c22cbfc2-c0c0-4349-bcd1-ee2ab62db7ef/5604c18d-b16e-493a-88b9-59254230335f_1287601843.jpeg?h=225&w=225
Bertolli Original Spread 450G,€3.40,€2.50 Clubcard Price,€7.56/kg,https://www.tesco.ie/groceries/en-IE/products/312367872,https://digitalcontent.api.tesco.com/v2/media/ghs/3178a27a-e381-488a-b6cb-ef08a0fee3ba/9da2bfc6-79f7-495d-8b85-787faa74925a_1884567223.jpeg?h=225&w=225
Glenstal Irish Creamry Unsalted Butter 227G,€2.99,,€13.17/kg,https://www.tesco.ie/groceries/en-IE/products/275961299,https://digitalcontent.api.tesco.com/v2/media/ghs/99879d4e-2812-4377-aac7-06595c0ce62f/7bf91f50-3d0f-4285-9950-0b5f7c3152fb_1148636476.jpeg?h=225&w=225
Dairypak Irish Butter 500G,€2.49,,€4.98/kg,https://www.tesco.ie/groceries/en-IE/products/312222525,https://digitalcontent.api.tesco.com/v2/media/ghs/4c1700b7-d423-474a-b474-aaae6a6f0950/78836474-9989-4d82-a2fb-a33a885939ce_1557813924.jpeg?h=225&w=225
Tesco Cholesterol Lowering Spread 500g,€3.50,,€7.00/kg,https://www.tesco.ie/groceries/en-IE/products/314948458,https://digitalcontent.api.tesco.com/v2/media/ghs/900ccf95-a298-4fc7-9240-74b5bfb5f3de/5369245e-900a-4679-8376-0765d03f7556_454635024.jpeg?h=225&w=225
ProActiv Olive Oil Spread 450g,€7.00,€4.50 Clubcard Price,€15.56/kg,https://www.tesco.ie/groceries/en-IE/products/312357170,https://digitalcontent.api.tesco.com/v2/media/ghs/af1339fb-9f55-4044-8c21-2f548c21494b/585fd3ea-1cd1-4a9a-8906-6c3dcf0d8d5f_964422368.jpeg?h=225&w=225
Benecol Olive Oil Spread 500G,€7.99,,€15.98/kg,https://www.tesco.ie/groceries/en-IE/products/252574274,https://digitalcontent.api.tesco.com/v2/media/ghs/90529a96-3c07-4599-adfd-3d805488ffb5/e948eaf3-ced8-4716-b66c-db1e4b5031e7_1591810990.jpeg?h=225&w=225
