Title,Price,Promotional Price,Price Per,Product URL,Image URL
Tesco Fresh Milk 2 Litre,€2.09,,€1.04/litre,https://www.tesco.ie/groceries/en-IE/products/250005606,https://digitalcontent.api.tesco.com/v2/media/ghs/1cf822bb-7dae-431e-b900-7be39d965d1d/6a7581fd-06d1-4d39-9aba-397eb74d8e0f_966300345.jpeg?h=225&w=225
Tesco Full Fat Milk 3Ltr,€2.95,,€0.98/litre,https://www.tesco.ie/groceries/en-IE/products/260776455,https://digitalcontent.api.tesco.com/v2/media/ghs/28f7856e-97b1-4edb-a1b9-d6eb59a53604/snapshotimagehandler_417791735.jpeg?h=225&w=225
Tesco Low Fat Milk 2 Litre,€2.09,,€1.04/litre,https://www.tesco.ie/groceries/en-IE/products/250005508,https://digitalcontent.api.tesco.com/v2/media/ghs/9fe09ff4-3465-42fd-81aa-fbde36c2dc59/83999470-709e-467e-accd-a8e93d661bd8_1658446048.jpeg?h=225&w=225
Tesco Fresh Milk1ltr,€1.05,,€1.05/litre,https://www.tesco.ie/groceries/en-IE/products/292769732,https://digitalcontent.api.tesco.com/v2/media/ghs/747525ca-092f-4e71-9018-13dc375a7c60/snapshotimagehandler_1949915135.jpeg?h=225&w=225
Tesco Low Fat Milk 3L,€2.95,,€0.98/litre,https://www.tesco.ie/groceries/en-IE/products/266600067,https://digitalcontent.api.tesco.com/v2/media/ghs/02a5e12a-f544-4794-8f8e-dd73287d391b/snapshotimagehandler_1758162546.jpeg?h=225&w=225
Tesco Skim Milk 1Litre,€1.05,,€1.05/litre,https://www.tesco.ie/groceries/en-IE/products/292769818,https://digitalcontent.api.tesco.com/v2/media/ghs/03f7897e-41f8-4208-bf51-c4dc15d0e05d/snapshotimagehandler_1718394164.jpeg?h=225&w=225
Tesco Low Fat Milk 1Ltr,€1.05,,€1.05/litre,https://www.tesco.ie/groceries/en-IE/products/292769790,https://digitalcontent.api.tesco.com/v2/media/ghs/d6e92b7a-c17c-4646-a88a-b7b61755ff9b/snapshotimagehandler_1504021801.jpeg?h=225&w=225
Avonmore Whole Super Milk 1.75L,€2.49,,€1.42/litre,https://www.tesco.ie/groceries/en-IE/products/268260995,https://digitalcontent.api.tesco.com/v2/media/ghs/897b1766-0abe-4ffa-9a33-7a5a5c472729/74b4cab5-5098-43c2-9464-302369a53fe8_1300325888.jpeg?h=225&w=225
Avonmore Low Fat Super Milk 1.75L,€2.49,,€1.42/litre,https://www.tesco.ie/groceries/en-IE/products/268261084,https://digitalcontent.api.tesco.com/v2/media/ghs/f9658778-f85d-466f-8740-8a4d241062f3/1c96148e-d8fc-489e-84dc-1077755e3ebf_1645764742.jpeg?h=225&w=225
Tesco Butter Milk 1 Litre,€1.00,,€1.00/litre,https://www.tesco.ie/groceries/en-IE/products/262218993,https://digitalcontent.api.tesco.com/v2/media/ghs/09ede35f-0d65-42bf-8868-24596f3ee947/snapshotimagehandler_1108807896.jpeg?h=225&w=225
Avonmore Milk 2 Litre,Currently out of stock,,,https://www.tesco.ie/groceries/en-IE/products/250004694,https://digitalcontent.api.tesco.com/v2/media/ghs/8f436daa-f749-4675-bfde-d8a2b462dd67/cfac9783-02be-4426-a8ff-2cc8c818a32a_2106185718.jpeg?h=225&w=225
Tesco Full Fat Milk 1.75 Lt,€1.85,,€1.06/litre,https://www.tesco.ie/groceries/en-IE/products/302155003,https://digitalcontent.api.tesco.com/v2/media/ghs/eda3d7f9-a492-4181-9bc6-f17e01ec92ee/68284a8c-a511-4152-ac07-a3a5c8ab0af9_631584527.jpeg?h=225&w=225
Avonmore Supermilk L.Fat 1Ltr,€1.65,,€1.65/litre,https://www.tesco.ie/groceries/en-IE/products/250000750,https://digitalcontent.api.tesco.com/v2/media/ghs/45234fb6-6469-4ec3-b1ee-e22900b80628/802a133c-5ebb-4e1c-b01a-dd7c333514cf_200005562.jpeg?h=225&w=225
Tesco Lactose Free Milk Drink 1Liter,€1.49,,€1.49/litre,https://www.tesco.ie/groceries/en-IE/products/298404631,https://digitalcontent.api.tesco.com/v2/media/ghs/8a66b564-5e2f-4bc7-a9e3-9fc09d47c644/snapshotimagehandler_1541997697.jpeg?h=225&w=225
Avonmore Whole Super Milk 1 Litre,€1.65,,€1.65/litre,https://www.tesco.ie/groceries/en-IE/products/265021425,https://digitalcontent.api.tesco.com/v2/media/ghs/6b444440-f2cd-4adf-8e79-eaa557df35ff/353c6ce1-0cd7-4b3b-90ac-362fdbba6a2f_977645786.jpeg?h=225&w=225
Oatly Barista Edition Oat Long Life Drink 1L,€3.05,€2.50 Clubcard Price,€3.05/litre,https://www.tesco.ie/groceries/en-IE/products/292990463,https://digitalcontent.api.tesco.com/v2/media/ghs/d5851714-bd52-4c4d-ac5a-d54e698b7419/7e6bc714-372f-4b25-8633-40f61d82be28.jpeg?h=225&w=225
Tesco Slimline Milk 1Ltr,€1.15,,€1.15/litre,https://www.tesco.ie/groceries/en-IE/products/292769830,https://digitalcontent.api.tesco.com/v2/media/ghs/b5d25e2c-83ce-43e2-92ee-f815035101bb/snapshotimagehandler_1705144281.jpeg?h=225&w=225
Tesco Oat Drink 1 Litre,€1.64,,€1.64/litre,https://www.tesco.ie/groceries/en-IE/products/307745622,https://digitalcontent.api.tesco.com/v2/media/ghs/e3ab9ef6-da3f-425b-a9a5-8bb2ae8ddb58/a2a5dbd4-e5b3-43ae-b095-1703f01d4f37.jpeg?h=225&w=225
Tesco Low Fat Fortified Milk 1.5 Lt,€1.75,,€1.17/litre,https://www.tesco.ie/groceries/en-IE/products/302168420,https://digitalcontent.api.tesco.com/v2/media/ghs/d2f9b044-e2da-486d-b433-ba15acbe9d78/snapshotimagehandler_1355468705.jpeg?h=225&w=225
Avonmore Fresh Milk 2.75L,€2.99,,€1.09/litre,https://www.tesco.ie/groceries/en-IE/products/268526774,https://digitalcontent.api.tesco.com/v2/media/ghs/b895f27a-f34e-49aa-8f14-5b54f65a473c/c8571efc-27cf-41ad-ba28-9232f28c9e1f_1681383847.jpeg?h=225&w=225
Tesco Fresh Milk 500Ml,€0.70,,€1.40/litre,https://www.tesco.ie/groceries/en-IE/products/292769876,https://digitalcontent.api.tesco.com/v2/media/ghs/75c094c7-16f9-4d6d-b51a-1c2b39969f57/snapshotimagehandler_1474449335.jpeg?h=225&w=225
Tesco Low Fat Milk 1.75 Lt,€1.85,,€1.06/litre,https://www.tesco.ie/groceries/en-IE/products/302155268,https://digitalcontent.api.tesco.com/v2/media/ghs/f957cd42-116d-4d83-9fa9-404b03013220/8b43b00d-1699-42e2-b99a-727672785e8a_1522053330.jpeg?h=225&w=225
Tesco Oat Drink 1L,€1.64,,€1.64/litre,https://www.tesco.ie/groceries/en-IE/products/307760281,https://digitalcontent.api.tesco.com/v2/media/ghs/a3b30aa5-2219-43c3-9242-132c9507fed2/1974c434-0b17-40df-80a5-3c065d99f5a9.jpeg?h=225&w=225
Avonmore Fresh Milk (Tb) 1Ltr,€1.49,,€1.49/litre,https://www.tesco.ie/groceries/en-IE/products/250004452,https://digitalcontent.api.tesco.com/v2/media/ghs/20b5abe8-2ad0-4486-99d5-cf6c1b495fce/398ee902-dae1-48d4-a40b-1e7f1d135f67_252630584.jpeg?h=225&w=225
Avonmore Slimline 1Ltr,€1.39,,€1.39/litre,https://www.tesco.ie/groceries/en-IE/products/250004475,https://digitalcontent.api.tesco.com/v2/media/ghs/eeb0fcb5-a42d-4d14-8379-39a9672502ac/7828bd4b-e7f7-4b90-8d21-ef953f456b8b_942713729.jpeg?h=225&w=225
Tesco Longlife Almond Drink Unsweetened 1Ltr,€1.55,,€1.55/litre,https://www.tesco.ie/groceries/en-IE/products/287531928,https://digitalcontent.api.tesco.com/v2/media/ghs/a7a0521a-cb7f-4900-afb6-a0fc4c67e438/2ae96e90-2403-4047-88b1-00d62f0c4e17.jpeg?h=225&w=225
Yop Strawberry Drinkable Yoghurt 4 X 180G,€2.99,,€4.15/kg,https://www.tesco.ie/groceries/en-IE/products/305965219,https://digitalcontent.api.tesco.com/v2/media/ghs/ec211dc1-ba11-4ed5-ba60-b53846631b5f/83356dbb-9119-4f0a-a1b3-a9ec0b31a4c1_1782277396.jpeg?h=225&w=225
Mooju Milk Chocolate Carton 750Ml,€1.99,,€2.65/litre,https://www.tesco.ie/groceries/en-IE/products/272310384,https://digitalcontent.api.tesco.com/v2/media/ghs/949807e0-8609-40bb-9039-b0c786f2d97b/aa3be49a-cb0f-4662-b2ef-36acc5bb22bd_1022819252.jpeg?h=225&w=225
Tesco Fresh Protein Milk 1Lt,€1.40,,€1.40/litre,https://www.tesco.ie/groceries/en-IE/products/294253285,https://digitalcontent.api.tesco.com/v2/media/ghs/5c5cacd8-8fe4-4f6e-9503-f19a66b1085f/snapshotimagehandler_1648253623.jpeg?h=225&w=225
Tesco Longlife Soya Drink Unsweetened 1Ltr,€0.89,,€0.89/litre,https://www.tesco.ie/groceries/en-IE/products/295790361,https://digitalcontent.api.tesco.com/v2/media/ghs/81d2f245-3c29-4dbe-9c10-21811437f7a6/4164edad-11ce-4ea3-aa0a-fbc8b4a7f2a5.jpeg?h=225&w=225
Avonmore Lactose Free Milk 1L,€2.09,€1.50 Clubcard Price,€2.09/litre,https://www.tesco.ie/groceries/en-IE/products/264849398,https://digitalcontent.api.tesco.com/v2/media/ghs/a4f359fa-190e-409f-8790-157b0463c2b4/9867baa9-70e0-4541-ba7d-82005afcd709_1493262192.jpeg?h=225&w=225
Tesco Fresh Organic Milk 1L,€1.25,,€1.25/litre,https://www.tesco.ie/groceries/en-IE/products/256201376,https://digitalcontent.api.tesco.com/v2/media/ghs/08ef2d6a-bcae-45a2-ba35-9a70eab5f506/snapshotimagehandler_1380945788.jpeg?h=225&w=225
Avonmore Fresh Light Milk 2 Litre,€2.49,,€1.24/litre,https://www.tesco.ie/groceries/en-IE/products/250005416,https://digitalcontent.api.tesco.com/v2/media/ghs/c4c2d63e-28dc-47d2-bf00-8bfef919a398/d88c1002-e359-42b7-95fd-8697c12b8ac5_757715833.jpeg?h=225&w=225
Tesco Low F Fortified 1L 10,€1.15,,€1.15/litre,https://www.tesco.ie/groceries/en-IE/products/292769853,https://digitalcontent.api.tesco.com/v2/media/ghs/eef1317b-b8b6-4ee3-b60d-f27a26051a1f/snapshotimagehandler_710568002.jpeg?h=225&w=225
Premier Milk 1 Litre,€1.49,,€1.49/litre,https://www.tesco.ie/groceries/en-IE/products/250000813,https://digitalcontent.api.tesco.com/v2/media/ghs/7f9585c3-399a-4e4d-a60a-e4c24c96f0cc/3493d917-a0d5-42f7-9a21-d4c570e1c658_937999747.jpeg?h=225&w=225
Tesco Almond Drink Unsweetened 1Ltr,€1.99,,€1.99/litre,https://www.tesco.ie/groceries/en-IE/products/300118132,https://digitalcontent.api.tesco.com/v2/media/ghs/7d8ca30c-41ec-4f59-b662-263ed9608b9b/2b8e72b3-9dfc-4b72-a473-1af006c1e12e.jpeg?h=225&w=225
Alpro Almond No Sugar Long Life Dairy Free Drink 1L,€3.00,€2.00 Clubcard Price,€3.00/litre,https://www.tesco.ie/groceries/en-IE/products/276761995,https://digitalcontent.api.tesco.com/v2/media/ghs/17017d56-df9e-44ec-bf2a-fed6d6cab8fa/5e40a86b-1419-468b-bad4-8170209d1138.jpeg?h=225&w=225
Alpro Almond No Sugar Chilled Dairy Free Drink 1L,€2.89,€2.25 Clubcard Price,€2.89/litre,https://www.tesco.ie/groceries/en-IE/products/275067782,https://digitalcontent.api.tesco.com/v2/media/ghs/e2219627-4846-43db-8d33-3611c3924e44/b71b176b-6128-440f-84bc-f1526f8e4a03.jpeg?h=225&w=225
Tesco Longlife Soya Drink Sweetened 1Ltr,€0.89,,€0.89/litre,https://www.tesco.ie/groceries/en-IE/products/256438810,https://digitalcontent.api.tesco.com/v2/media/ghs/8e3a2f71-d90e-4597-9ad0-75e864bbdfc1/3f709457-ab59-4722-bc0d-355f7f00bb03.jpeg?h=225&w=225
Tesco Fresh Organic Low Fat Milk 1L,€1.25,,€1.25/litre,https://www.tesco.ie/groceries/en-IE/products/256201468,https://digitalcontent.api.tesco.com/v2/media/ghs/63de82bb-f7a4-4604-bdd9-38f95387c666/snapshotimagehandler_1357374136.jpeg?h=225&w=225
Organic Full Fat Milk 1.75L,€2.55,,€1.46/litre,https://www.tesco.ie/groceries/en-IE/products/304578317,https://digitalcontent.api.tesco.com/v2/media/ghs/939aa734-b364-400e-8b31-6b9deaa9bd27/a2efdde5-e512-4ea8-b3af-5918b8a8990d_805907800.jpeg?h=225&w=225
Alpro Oat No Sugar Long Life Dairy Free Drink 1L,€3.00,€2.00 Clubcard Price,€3.00/litre,https://www.tesco.ie/groceries/en-IE/products/304792587,https://digitalcontent.api.tesco.com/v2/media/ghs/5551e52d-199d-4e14-88e4-537d7181e653/ea501210-c711-4ffe-b2a3-1f36989f3217.jpeg?h=225&w=225
Glenisk Fresh Goats Milk 1 Litre,€2.85,,€2.85/litre,https://www.tesco.ie/groceries/en-IE/products/262373525,https://digitalcontent.api.tesco.com/v2/media/ghs/a99371ba-3ee6-4144-a09c-f39ec3d82c4a/snapshotimagehandler_1107146524.jpeg?h=225&w=225
Tesco Low Fat Milk500ml,€0.70,,€1.40/litre,https://www.tesco.ie/groceries/en-IE/products/292769899,https://digitalcontent.api.tesco.com/v2/media/ghs/38d17a15-6276-466b-9e80-4088b3b50479/snapshotimagehandler_561243290.jpeg?h=225&w=225
Flahavan's Barista Oat Drink 1L,€2.79,,€2.79/litre,https://www.tesco.ie/groceries/en-IE/products/307161477,https://digitalcontent.api.tesco.com/v2/media/ghs/555a8555-714c-4b75-9ffa-39c12597daaf/snapshotimagehandler_170875888.jpeg?h=225&w=225
Avonmore Protein Milk Chocolate 500Ml,€1.75,€1.25 Clubcard Price,€3.50/litre,https://www.tesco.ie/groceries/en-IE/products/296407723,https://digitalcontent.api.tesco.com/v2/media/ghs/16b80bfc-4c93-4785-8bcc-b6acdc1f4681/c6fa3ec3-d6e1-4551-8a4e-e5a4850c9da8_269225868.jpeg?h=225&w=225
Alpro Oat No Sugar Chilled Dairy Free Drink 1L,€2.89,€2.25 Clubcard Price,€2.89/litre,https://www.tesco.ie/groceries/en-IE/products/302565353,https://digitalcontent.api.tesco.com/v2/media/ghs/792c94db-ef0c-450e-95b4-4f0ba44c110b/5e35fabe-b547-49ee-9901-e6368d368623.jpeg?h=225&w=225
Alpro Oat Original Long Life Dairy Free Drink 1L,€3.00,€2.00 Clubcard Price,€3.00/litre,https://www.tesco.ie/groceries/en-IE/products/280832278,https://digitalcontent.api.tesco.com/v2/media/ghs/6ff13776-05a8-41fb-9bcf-2e48ea2ae226/951e7aab-cd35-40c5-9486-9ea18896b27d.jpeg?h=225&w=225
Viva Chocolate Flavour Milk 3 X 200Ml,€1.65,,€2.75/litre,https://www.tesco.ie/groceries/en-IE/products/314843680,https://digitalcontent.api.tesco.com/v2/media/ghs/aa27a47e-4b80-4b04-81ad-7d1068a95b8f/c44e99ee-16d9-4491-a244-8682380c48ae_1760910129.jpeg?h=225&w=225
Avonmore Butter Milk 1Ltr,€1.29,,€1.29/litre,https://www.tesco.ie/groceries/en-IE/products/250000842,https://digitalcontent.api.tesco.com/v2/media/ghs/7e1bbb07-6c6f-4b04-93cd-502ac8b2fe4f/snapshotimagehandler_454231465.jpeg?h=225&w=225
Tesco Soya Drink Unsweetened 1Ltr,€1.69,,€1.69/litre,https://www.tesco.ie/groceries/en-IE/products/300118034,https://digitalcontent.api.tesco.com/v2/media/ghs/08a2a9fc-9e2c-4f71-b72b-728391356a41/71aaadb2-f748-4dc4-a1c4-db72da5f58f7.jpeg?h=225&w=225
Avonmore Super Milk Fat Free 1L,€1.65,,€1.65/litre,https://www.tesco.ie/groceries/en-IE/products/303239963,https://digitalcontent.api.tesco.com/v2/media/ghs/417ba71b-6c77-4b1b-9ccb-926243dcbc86/ac2e7279-1196-4899-8923-260609324cc6_142939081.jpeg?h=225&w=225
Flahavan's Organic Oat Drink 1L,€2.79,,€2.79/litre,https://www.tesco.ie/groceries/en-IE/products/307160599,https://digitalcontent.api.tesco.com/v2/media/ghs/70599c53-f734-46cb-8462-986048ea9656/snapshotimagehandler_985883538.jpeg?h=225&w=225
Alpro Soya Growing Up Long Life Dairy Free Drink 1-3+ Years 1L,€2.75,,€2.75/litre,https://www.tesco.ie/groceries/en-IE/products/267438511,https://digitalcontent.api.tesco.com/v2/media/ghs/ce4931f8-19be-4f13-9885-5f304b55c506/1efab344-063c-4c73-bf35-51ec1c264417.jpeg?h=225&w=225
Premier Milk Plastic Bottle 2 Litre,€2.49,,€1.24/litre,https://www.tesco.ie/groceries/en-IE/products/250004728,https://digitalcontent.api.tesco.com/v2/media/ghs/bdaf0b8b-89ce-413e-bd5f-f809e7443b54/3bc5f799-1225-441a-b4e0-b4c3069c4db1_1848301446.jpeg?h=225&w=225
Alpro Barista Coconut Long Life Dairy Free Drink 1L,€3.45,€2.50 Clubcard Price,€3.45/litre,https://www.tesco.ie/groceries/en-IE/products/307741868,https://digitalcontent.api.tesco.com/v2/media/ghs/675cf324-ebb6-4267-9b3f-5b7509fbd218/ce067db9-cb92-4ce0-9a12-30f22a42aa13.jpeg?h=225&w=225
Lindahls Salted Caramel Protein Pudding 140G,€1.99,Any 2 for €3 Clubcard Price - Selected Lindahls Pudding 140g,€14.21/kg,https://www.tesco.ie/groceries/en-IE/products/311801406,https://digitalcontent.api.tesco.com/v2/media/ghs/856e3e7c-6bc8-43ee-9430-36eed61b829b/374295a4-6462-475a-91d7-778430a7d69f.jpeg?h=225&w=225
Avonmore Light 1% Milk 2.75L,€2.99,,€1.09/litre,https://www.tesco.ie/groceries/en-IE/products/268526175,https://digitalcontent.api.tesco.com/v2/media/ghs/220874c3-0239-447b-83a6-786e163c7149/4224057c-e034-46b6-8b04-7e29f9e6938b_876255916.jpeg?h=225&w=225
Alpro Soya Chilled Drink 1 Litre,€2.89,€2.25 Clubcard Price,€2.89/litre,https://www.tesco.ie/groceries/en-IE/products/253528288,https://digitalcontent.api.tesco.com/v2/media/ghs/504e0420-2b70-4e40-ad78-9bf4ce6becb9/1d4aed8a-4892-44a8-9ad1-b262d7720ac5.jpeg?h=225&w=225
Avonmore Chocolate Protein Milk 1 Litre,€2.99,€2.50 Clubcard Price,€2.99/litre,https://www.tesco.ie/groceries/en-IE/products/307758584,https://digitalcontent.api.tesco.com/v2/media/ghs/623911dc-dae6-4e9a-ba84-5cda7d04e89a/3d92e247-3bee-4359-9f7f-c52e9fcbe24d_2057753217.jpeg?h=225&w=225
Tesco Coconut Drink 1 Litre,€1.95,,€1.95/litre,https://www.tesco.ie/groceries/en-IE/products/307759312,https://digitalcontent.api.tesco.com/v2/media/ghs/60acc9df-86a3-45d5-9eeb-45088bf16395/92131da0-10e8-4d03-a3d2-c460b88a7332.jpeg?h=225&w=225
Flahavan's Vitamin Rich Oat Drink 1L,€2.79,,€2.79/litre,https://www.tesco.ie/groceries/en-IE/products/306931616,https://digitalcontent.api.tesco.com/v2/media/ghs/f089c530-2813-47de-b52f-19e0b804f5e7/snapshotimagehandler_334249900.jpeg?h=225&w=225
Avonmore Protein Milk Vanilla 500Ml,€1.75,€1.25 Clubcard Price,€3.50/litre,https://www.tesco.ie/groceries/en-IE/products/293015794,https://digitalcontent.api.tesco.com/v2/media/ghs/0b58bd30-0bc9-412e-848c-cc2c0b8b10f0/cdaa8e22-ec55-4d7a-83f0-f965bca02c87_1945359298.jpeg?h=225&w=225
Mooju Milk Strwberry Carton 750Ml,€1.99,,€2.65/litre,https://www.tesco.ie/groceries/en-IE/products/272310637,https://digitalcontent.api.tesco.com/v2/media/ghs/f4c74d09-7534-4a00-9d15-e1411d53dd6b/653a84c7-dfbd-47ed-9d53-873192bc2822_1378030309.jpeg?h=225&w=225
Mooju Milk Chocolate Carton 250Ml,€0.95,,€3.80/litre,https://www.tesco.ie/groceries/en-IE/products/272315908,https://digitalcontent.api.tesco.com/v2/media/ghs/a478983a-ae40-4692-a78e-d2ace92be40a/b4c52e96-d872-49f4-ad87-373e53102748_308445428.jpeg?h=225&w=225
Viva Strawberry Flavour Milk 3 X 200Ml,€1.65,,€2.75/litre,https://www.tesco.ie/groceries/en-IE/products/314841774,https://digitalcontent.api.tesco.com/v2/media/ghs/9b08721c-9dfb-4434-9575-e970b0682115/6b531202-cbc5-4918-a606-c1994c233db7_1230551374.jpeg?h=225&w=225
Avonmore Protein Milk 1 Litre,€2.29,€2.00 Clubcard Price,€2.29/litre,https://www.tesco.ie/groceries/en-IE/products/293994843,https://digitalcontent.api.tesco.com/v2/media/ghs/f648e31e-0cd2-4541-bf64-3368669c4d29/53db1674-2a45-49ea-b2aa-60085193b6c3_1098971867.jpeg?h=225&w=225
Premier Low Fat Milk 1Ltr,€1.49,,€1.49/litre,https://www.tesco.ie/groceries/en-IE/products/250001069,https://digitalcontent.api.tesco.com/v2/media/ghs/fd769b4f-a917-47a3-ab42-a19057de990b/02053911-0461-4639-8197-72c38f388c80_1617512524.jpeg?h=225&w=225
Avonmore Super Milk Low Fat 500Ml,€0.95,,€1.90/litre,https://www.tesco.ie/groceries/en-IE/products/255360580,https://digitalcontent.api.tesco.com/v2/media/ghs/5759e6ae-c12a-4a9f-8d69-c3aafa1cca61/50668552-afae-4776-8e9d-cceee3c76205_1955699044.jpeg?h=225&w=225
Avonmore Mooju Chocolate Milk 500Ml,€1.65,Meal Deal for €4.49 - Buy Any 1 Pasta Or Wrap Or Sandwich Or Salad Or Sushi & 1 Crisp Or Fruit & 1 Drink,€3.30/litre,https://www.tesco.ie/groceries/en-IE/products/286348462,https://digitalcontent.api.tesco.com/v2/media/ghs/8ba8f2ac-09db-4ff5-98f0-cf3fdc9045e4/fcf15c24-a473-4687-b77c-c841a3ea1b90_305829634.jpeg?h=225&w=225
Lakeland Semi Skimmed Milk 1 Litre,€1.25,,€1.25/litre,https://www.tesco.ie/groceries/en-IE/products/311254877,https://digitalcontent.api.tesco.com/v2/media/ghs/677a1aca-462e-4c1d-a39b-1d9a2a34ec0b/dfa1e2c8-1ad4-4935-bad2-3225c4df24f9_39442355.jpeg?h=225&w=225
Alpro Soya No Sugar Chilled Dairy Free Drink 1L,€2.89,€2.25 Clubcard Price,€2.89/litre,https://www.tesco.ie/groceries/en-IE/products/266567296,https://digitalcontent.api.tesco.com/v2/media/ghs/846233be-859e-43e0-8a90-455576329f7f/f6ecf70f-9441-443d-83b9-2b175312a47d.jpeg?h=225&w=225
Alpro Oat Original Chilled Dairy Free Drink 1L,€2.89,€2.25 Clubcard Price,€2.89/litre,https://www.tesco.ie/groceries/en-IE/products/294083301,https://digitalcontent.api.tesco.com/v2/media/ghs/8182fbd1-53de-4da7-8c7a-37716a946d25/2244d6fe-ab91-467e-9167-dabbc2351593.jpeg?h=225&w=225
Alpro High Protein Soya Original Long Life Dairy Free Drink 1L,€3.45,€2.50 Clubcard Price,€3.45/litre,https://www.tesco.ie/groceries/en-IE/products/304799856,https://digitalcontent.api.tesco.com/v2/media/ghs/2ad1e572-b867-44a6-99dc-a4d585d90ce1/06c10100-b59c-4b23-ac57-6953d799cae0.jpeg?h=225&w=225
Alpro Almond Original Long Life Dairy Free Drink 1L,€3.00,€2.00 Clubcard Price,€3.00/litre,https://www.tesco.ie/groceries/en-IE/products/272012512,https://digitalcontent.api.tesco.com/v2/media/ghs/bf15bb00-685b-4ff4-b76c-8725cf565f45/4ae5e0e8-4a50-496d-8773-d95135ed8dd7.jpeg?h=225&w=225
Avonmore Vanilla Protein Milk 1Ltr,€2.99,€2.50 Clubcard Price,€2.99/litre,https://www.tesco.ie/groceries/en-IE/products/308465836,https://digitalcontent.api.tesco.com/v2/media/ghs/cf4c9bb3-015a-42a4-b474-a63b0b86a321/84d46416-21f7-4fd8-a9ba-b47acdd2341e_357774520.jpeg?h=225&w=225
Premier Low Fat Milk 2 Litre,€2.49,,€1.24/litre,https://www.tesco.ie/groceries/en-IE/products/250005324,https://digitalcontent.api.tesco.com/v2/media/ghs/7213412a-9452-49ba-bd02-bf041c734b93/snapshotimagehandler_1517843342.jpeg?h=225&w=225
Alpro Soya No Sugar Long Life Dairy Free Drink 1L,€3.00,,€3.00/litre,https://www.tesco.ie/groceries/en-IE/products/253178655,https://digitalcontent.api.tesco.com/v2/media/ghs/c49476d6-ebdd-45ae-96cc-415af37be23a/7b916917-e8b1-4c9a-98f7-82c038b0db3a.jpeg?h=225&w=225
Alpro Barista Almond Long Life Dairy Free Drink 1L,€3.45,€2.50 Clubcard Price,€3.45/litre,https://www.tesco.ie/groceries/en-IE/products/304783080,https://digitalcontent.api.tesco.com/v2/media/ghs/5603484b-99f7-43b6-b9dc-55d235e2d6ce/2b5e021d-8498-4584-91cf-9d485c96832c.jpeg?h=225&w=225
Alpro Barista Oat Long Life Dairy Free Drink 1L,€3.45,€2.50 Clubcard Price,€3.45/litre,https://www.tesco.ie/groceries/en-IE/products/304788437,https://digitalcontent.api.tesco.com/v2/media/ghs/2eceb5c9-bacb-4865-b4ea-0fb836e25b5a/db2bd2a8-14b8-4bc1-bcc9-ab62ecd986f4.jpeg?h=225&w=225
Minor Figures Barista Light Oat Drink 1L,€2.69,€2.00 Clubcard Price,€2.69/litre,https://www.tesco.ie/groceries/en-IE/products/311439426,https://digitalcontent.api.tesco.com/v2/media/ghs/85c9f7b7-9e06-4136-b0e8-62f8e330bdcb/b5ac1a3c-62f1-447f-b477-8803b8e9e5cd.jpeg?h=225&w=225
Avonmore Milk 500Ml,€0.85,,€1.70/litre,https://www.tesco.ie/groceries/en-IE/products/250000335,https://digitalcontent.api.tesco.com/v2/media/ghs/bb0cc861-8a8e-4258-ab48-cdc8108eb617/4e3dda92-afd8-4aac-a97a-f87ee508b956_1124100097.jpeg?h=225&w=225
Califia Farms Oat Barista Blend 1Ltr,€2.99,€2.00 Clubcard Price,€2.99/litre,https://www.tesco.ie/groceries/en-IE/products/304406643,https://digitalcontent.api.tesco.com/v2/media/ghs/14a70435-d08d-4980-a729-2aa96b3f2bb4/c1beabba-5513-4cb0-80ef-a7ff506f4dbe.jpeg?h=225&w=225
Avonmore Slimline Milk 500 Ml,€0.95,,€1.90/litre,https://www.tesco.ie/groceries/en-IE/products/255360764,https://digitalcontent.api.tesco.com/v2/media/ghs/44c5997f-13c4-4ae2-afc6-c1a148070722/6da07ca6-bef5-4759-8cfb-3ae2f8c5ba2d_1586616561.jpeg?h=225&w=225
Alpro Oat Growing Up Long Life Dairy Free Drink 1-3+ Years 1L,€2.99,,€2.99/litre,https://www.tesco.ie/groceries/en-IE/products/310662597,https://digitalcontent.api.tesco.com/v2/media/ghs/0cb2e439-b2b7-47fe-85f7-b10bc1144686/e6633e14-695e-427b-81fc-f403ca55887d.jpeg?h=225&w=225
Alpro High Protein Soya Chocolate Long Life Dairy Free Drink 1L,€3.45,€2.50 Clubcard Price,€3.45/litre,https://www.tesco.ie/groceries/en-IE/products/304797893,https://digitalcontent.api.tesco.com/v2/media/ghs/88adc97d-bbc6-4198-9d54-644f4b40f170/027e7115-5868-425c-8ce1-2b324f276316.jpeg?h=225&w=225
Alpro Soya Vanilla Original Long Life Dairy Free Drink 1L,€3.15,,€3.15/litre,https://www.tesco.ie/groceries/en-IE/products/276760184,https://digitalcontent.api.tesco.com/v2/media/ghs/664a151e-bd9f-4832-b558-632520009d73/f714a193-8ef4-4e72-9c3f-22fee2c01e00.jpeg?h=225&w=225
Rude Health Organic Chilled Oat Drink 1Ltr,€2.99,€2.00 Clubcard Price,€2.99/litre,https://www.tesco.ie/groceries/en-IE/products/313371156,https://digitalcontent.api.tesco.com/v2/media/ghs/81206061-2c63-467b-acaf-1832eef6f16b/bd9530f4-ef95-4f48-89f6-75c22d53d49c_1977198968.jpeg?h=225&w=225
Tesco Almond Drink Sweetened 1Ltr,€1.99,,€1.99/litre,https://www.tesco.ie/groceries/en-IE/products/300661927,https://digitalcontent.api.tesco.com/v2/media/ghs/691e44df-efe9-4367-8e8e-18105b532771/992f210a-28a6-449f-b84d-c242a4372c0d.jpeg?h=225&w=225
Tesco Soya Drink Sweetened 1Ltr,€1.69,,€1.69/litre,https://www.tesco.ie/groceries/en-IE/products/300118092,https://digitalcontent.api.tesco.com/v2/media/ghs/90910710-20eb-4818-a2dd-0b9a13a70776/1027d232-ecb3-4d12-a438-0c67da4ec37a.jpeg?h=225&w=225
Avonmore Go Lite 1Ltr,€1.49,,€1.49/litre,https://www.tesco.ie/groceries/en-IE/products/250004469,https://digitalcontent.api.tesco.com/v2/media/ghs/fc2d87d0-3ae1-4296-909f-2f8711df50a2/c8738cde-ac3a-466e-bccb-6e63dcb2eda4_1680384813.jpeg?h=225&w=225
Rude Health Chilled Almond Drink 1 Litre,€2.99,€2.00 Clubcard Price,€2.99/litre,https://www.tesco.ie/groceries/en-IE/products/309175008,https://digitalcontent.api.tesco.com/v2/media/ghs/7f0e5fe8-bb7d-4400-9647-bb7ddcdbe6db/590dfb5f-3ea0-4c37-93fb-b81d1d453909_622817805.jpeg?h=225&w=225
Alpro Soya Original Long Life Dairy Free Drink 1L,€2.89,,€2.89/litre,https://www.tesco.ie/groceries/en-IE/products/251523947,https://digitalcontent.api.tesco.com/v2/media/ghs/32c77c32-561b-4260-8224-cda5df612af2/5cc229eb-7cf6-4968-942f-26f8915359c4.jpeg?h=225&w=225
Califia Farms Oat Barista Drink 1L,€3.00,,€3.00/litre,https://www.tesco.ie/groceries/en-IE/products/309175515,https://digitalcontent.api.tesco.com/v2/media/ghs/6d30db02-6561-45c1-b92d-fd37fdf967eb/b52402ca-5e84-4503-b2b0-5d5f87717873_743926193.jpeg?h=225&w=225
Mooju Special Edition 750Ml,€1.99,,€2.65/litre,https://www.tesco.ie/groceries/en-IE/products/296407775,https://digitalcontent.api.tesco.com/v2/media/ghs/8927af8b-3bcc-4fb4-93ad-d998f2eaa914/788159a4-ab43-495a-aba4-7fad9389951c_644305643.jpeg?h=225&w=225
Alpro Almond Original Chilled Dairy Free Drink 1L,€2.89,€2.25 Clubcard Price,€2.89/litre,https://www.tesco.ie/groceries/en-IE/products/272103255,https://digitalcontent.api.tesco.com/v2/media/ghs/d0a07668-489a-4b8a-9420-2d11766f3d79/1eb16b28-bcab-4435-969b-343e9c51a9c6.jpeg?h=225&w=225
Minor Figures Everyday Oat Drink 1 Litre,€2.69,,€2.69/litre,https://www.tesco.ie/groceries/en-IE/products/312572162,https://digitalcontent.api.tesco.com/v2/media/ghs/6f7d1943-8795-4fab-92a5-8ddbce6c0c7c/dabf891f-f327-46b5-b7df-0d7797e3a874_693083872.jpeg?h=225&w=225
Rude Health Chilled Coconut Drink 1 Litre,€2.99,€2.00 Clubcard Price,€2.99/litre,https://www.tesco.ie/groceries/en-IE/products/309186491,https://digitalcontent.api.tesco.com/v2/media/ghs/920c1461-f0c2-4d24-b060-c309aa9b3e53/90152167-dca3-4dbf-aeb0-1e59ff2de090_518432991.jpeg?h=225&w=225
Koko Dairy Free Unsweetened Alternative Longlife Drink 1L,€2.59,,€2.59/litre,https://www.tesco.ie/groceries/en-IE/products/297673324,https://digitalcontent.api.tesco.com/v2/media/ghs/9a98d2ee-447d-4028-941f-9d66ab07961a/f4f9daaa-1244-4750-a87e-1643b8739cdc.jpeg?h=225&w=225
Avonmore Protein Milk Limited Edition 500Ml,€1.75,€1.25 Clubcard Price,€3.50/litre,https://www.tesco.ie/groceries/en-IE/products/304440526,https://digitalcontent.api.tesco.com/v2/media/ghs/f90a0310-6a78-4c35-9d6d-afe47ac46f38/7b48fb29-3830-4d9c-8a03-7c3696667e57_2051658467.jpeg?h=225&w=225
The Original Oatly Semi Oat Long Life Drink 1L,€3.05,€2.50 Clubcard Price,€3.05/litre,https://www.tesco.ie/groceries/en-IE/products/314325775,https://digitalcontent.api.tesco.com/v2/media/ghs/c45dc7d0-019b-4017-b279-115f1ce44913/efb03ba7-97c2-4d9e-95ef-914a24a98d1d_604525064.jpeg?h=225&w=225
Dairygold Mild And Creamy Plnt/Bsd White Slices 160G,€3.50,€2.75 Clubcard Price,€21.88/kg,https://www.tesco.ie/groceries/en-IE/products/311689849,https://digitalcontent.api.tesco.com/v2/media/ghs/c6d3bc0b-76f6-4238-a658-78c2bb535ba1/7772ef48-0e83-4b9b-bd57-bc5cd1bcb82d_1488609671.jpeg?h=225&w=225
Avonmore Protein Gold 500Ml,€1.95,Meal Deal for €4.49 - Buy Any 1 Pasta Or Wrap Or Sandwich Or Salad Or Sushi & 1 Crisp Or Fruit & 1 Drink,€3.90/litre,https://www.tesco.ie/groceries/en-IE/products/305296165,https://digitalcontent.api.tesco.com/v2/media/ghs/489d65e0-2382-4cb4-b48a-a8f3006198b7/844e1014-5e94-471f-a2c7-8b944caa78ab_152507841.jpeg?h=225&w=225
Alpro Soya Growing Up Drink 3X250ml,€2.69,,€3.59/litre,https://www.tesco.ie/groceries/en-IE/products/297878537,https://digitalcontent.api.tesco.com/v2/media/ghs/ec563dd3-24ce-4fc0-870c-7b8ff9caf3fa/a0687ba1-285c-4bae-a5ee-23e42e397b1f_1269120907.jpeg?h=225&w=225
Alpro Hazelnut Longlife Drink Alternative 1 Litre,€3.00,,€3.00/litre,https://www.tesco.ie/groceries/en-IE/products/272012817,https://digitalcontent.api.tesco.com/v2/media/ghs/0560b36f-efe2-4b42-ba89-4c1d5384adac/8517da56-b54b-4088-8415-896d49afa812.jpeg?h=225&w=225
Avonmore Mooju Limited Edition 750Ml,€1.99,,€2.65/litre,https://www.tesco.ie/groceries/en-IE/products/288406258,https://digitalcontent.api.tesco.com/v2/media/ghs/a93c484f-834e-4fbb-a781-2f3c3ff73a99/87d41548-4d7e-4a21-84c1-8486d3b870a0_2057922474.jpeg?h=225&w=225
Avonmore Pro Oats Vanilla Flavoured Milk Drink 500Ml,€1.95,€1.50 Clubcard Price,€3.90/litre,https://www.tesco.ie/groceries/en-IE/products/305974457,https://digitalcontent.api.tesco.com/v2/media/ghs/ea0b9902-f147-439d-9a99-80f2635e7f07/644760b9-83a1-45ce-b731-f79e27e9f518_1684649174.jpeg?h=225&w=225
Alpro Soya Chocolate Long Life Dairy Free Drink Multipack 3x250ml,€3.10,,€4.13/litre,https://www.tesco.ie/groceries/en-IE/products/250126054,https://digitalcontent.api.tesco.com/v2/media/ghs/bd4dcd7a-6c48-41c1-a7b6-6efef6f1aa57/8c9b8289-40a2-47ba-876f-4891130870e4_1194466144.jpeg?h=225&w=225
Alpro Coconut No Sugar Long Life Dairy Free Drink 1L,€2.99,,€2.99/litre,https://www.tesco.ie/groceries/en-IE/products/303917339,https://digitalcontent.api.tesco.com/v2/media/ghs/60e9a3c6-5161-4acf-920a-ab99a4b22cc1/3939bcb1-3503-4453-911c-424b537102aa.jpeg?h=225&w=225
Alpro Barista Oat Chilled Dairy Free Drink 750ml,€2.59,,€3.45/litre,https://www.tesco.ie/groceries/en-IE/products/309187115,https://digitalcontent.api.tesco.com/v2/media/ghs/b083d2ad-acb0-4477-abf1-89b25a0be47d/f78e7b25-1ef1-49aa-9650-ac7829f6a4c2.jpeg?h=225&w=225
Minor Figures Organic Barista Oat Drink 1L,€2.69,€2.00 Clubcard Price,€2.69/litre,https://www.tesco.ie/groceries/en-IE/products/311262317,https://digitalcontent.api.tesco.com/v2/media/ghs/e1cb3d5e-1b56-4c83-9dec-054d1b0a3193/7049c0c7-9673-4ea5-b9c8-4ccd903c3891.jpeg?h=225&w=225
Mooju Strawberry Milk 500Ml,€1.65,Meal Deal for €4.49 - Buy Any 1 Pasta Or Wrap Or Sandwich Or Salad Or Sushi & 1 Crisp Or Fruit & 1 Drink,€3.30/litre,https://www.tesco.ie/groceries/en-IE/products/305296211,https://digitalcontent.api.tesco.com/v2/media/ghs/701cbb11-376e-4fad-a059-90be9bede820/4a93b413-b69e-42f2-bedf-56e2f86564c8_1902918018.jpeg?h=225&w=225
Tesco Coconut Drink Sweetened 1Ltr,€1.89,,€1.89/litre,https://www.tesco.ie/groceries/en-IE/products/300118119,https://digitalcontent.api.tesco.com/v2/media/ghs/bf32cca7-50f8-4eb7-802d-51c93e6beea3/04533e22-ac57-4685-a566-c597c045cb9b.jpeg?h=225&w=225
Koko Dairy Free Original Plus Calcium Longlife Drink 1L,€2.59,,€2.59/litre,https://www.tesco.ie/groceries/en-IE/products/276993835,https://digitalcontent.api.tesco.com/v2/media/ghs/1a4ea08f-c4dc-47fd-b88f-6331c53c0c74/af260810-3bb0-405f-9bbb-1bc747c70982.jpeg?h=225&w=225
Alpro Soya Chocolate Chilled Dairy Free Drink 1L,€2.89,€2.25 Clubcard Price,€2.89/litre,https://www.tesco.ie/groceries/en-IE/products/255769120,https://digitalcontent.api.tesco.com/v2/media/ghs/f62ddd0e-ac5d-40ab-b05b-237ba4aa97d5/613b6759-5cd9-469e-b236-67b0953463bc.jpeg?h=225&w=225
Alpro Coconut Original Chilled Dairy Free Drink 1L,€2.89,€2.25 Clubcard Price,€2.89/litre,https://www.tesco.ie/groceries/en-IE/products/282925010,https://digitalcontent.api.tesco.com/v2/media/ghs/436543d1-3e00-4e93-8c73-ecabef425236/10e146f0-9602-46ec-b1c7-256e96cd01d4.jpeg?h=225&w=225
Avonmore Protein Vanilla Gold Milk Drink 500Ml,€1.95,Meal Deal for €4.49 - Buy Any 1 Pasta Or Wrap Or Sandwich Or Salad Or Sushi & 1 Crisp Or Fruit & 1 Drink,€3.90/litre,https://www.tesco.ie/groceries/en-IE/products/310121817,https://digitalcontent.api.tesco.com/v2/media/ghs/61d2507d-ed47-4539-bdf6-3e997b38a053/3918e18c-2652-44d9-8544-1cf165c218de_250165266.jpeg?h=225&w=225
Oddly Good Barista Vanilla Oat Drink 1L,€3.25,,€3.25/litre,https://www.tesco.ie/groceries/en-IE/products/314421010,https://digitalcontent.api.tesco.com/v2/media/ghs/c50c960d-27f4-4a02-a1e4-0f408abc9d4e/257af441-5941-4d1c-ada5-00ab104cbddf_1269982873.jpeg?h=225&w=225
Avonmore Protein Milk 500Ml,€1.40,€1.25 Clubcard Price,€2.80/litre,https://www.tesco.ie/groceries/en-IE/products/293994866,https://digitalcontent.api.tesco.com/v2/media/ghs/899b8d82-0e96-4b9a-b4a8-bd22daaed240/fe616aac-cc0b-4ed6-9866-040dbb111bd8_342387003.jpeg?h=225&w=225
Alpro Light Soya Longlife Drink Alternative 1Lt,€2.99,,€2.99/litre,https://www.tesco.ie/groceries/en-IE/products/260556595,https://digitalcontent.api.tesco.com/v2/media/ghs/18a4de14-4fbe-48fd-970a-7e6d72a1a190/bd7c6fb6-299f-4030-bb57-1c3cf7da2ed6.jpeg?h=225&w=225
Alpro Soya Strawberry Longlife Drink 3 X250 Ml,€3.15,,€4.20/litre,https://www.tesco.ie/groceries/en-IE/products/256334414,https://digitalcontent.api.tesco.com/v2/media/ghs/a1581646-8662-49ce-ae8e-38ee6c49778c/8f62f25c-a252-4927-b17a-c5b31d9db96e_266738731.jpeg?h=225&w=225
The Original Oatly No Sugars Oat Long Life Drink 1L,€3.05,€2.50 Clubcard Price,€3.05/litre,https://www.tesco.ie/groceries/en-IE/products/314309927,https://digitalcontent.api.tesco.com/v2/media/ghs/82ec2922-c385-41f0-a6d9-500011dfbc6e/880b2e3e-b1d6-4660-8330-558b1cbf6cf6_200896103.jpeg?h=225&w=225
Alpro Coconut Longlife Drink Alternative 1 Litre,€3.00,,€3.00/litre,https://www.tesco.ie/groceries/en-IE/products/284904542,https://digitalcontent.api.tesco.com/v2/media/ghs/8133256b-21ca-438b-b988-52e911d35e55/c85a24f3-6c0d-4626-b94a-be1f017392c1.jpeg?h=225&w=225
Avonmore Dairy Free Oat Drink Original 1 Large,€2.79,€2.50 Clubcard Price,€2.79/litre,https://www.tesco.ie/groceries/en-IE/products/313967788,https://digitalcontent.api.tesco.com/v2/media/ghs/c4ef76e2-3e6f-4386-a2d6-89e7673848b1/caa4ca02-565d-4235-959c-82d2e467b410_331993013.jpeg?h=225&w=225
Oatly Chocolate Oat Long Life Drink 1L,€3.05,,€3.05/litre,https://www.tesco.ie/groceries/en-IE/products/261747006,https://digitalcontent.api.tesco.com/v2/media/ghs/cc942b6e-f983-4bb2-a6d1-cb33a6b9961c/6f320db1-244a-4a99-a29b-c850af5084af.jpeg?h=225&w=225
Alpro My Cuppa Soya Chilled Dairy Free Drink 750ml,€2.59,,€3.45/litre,https://www.tesco.ie/groceries/en-IE/products/307744208,https://digitalcontent.api.tesco.com/v2/media/ghs/c3d8e098-a3c6-4251-be92-5317cd680b7c/4950a4bb-00d0-4816-80e5-3ac3369608bc.jpeg?h=225&w=225
Alpro Hazelnut Chilled Dairy Free Drink 1L,€2.89,€2.25 Clubcard Price,€2.89/litre,https://www.tesco.ie/groceries/en-IE/products/272103606,https://digitalcontent.api.tesco.com/v2/media/ghs/fc6cea76-bf0d-42ae-b218-f93370106fd2/4919a0ae-61fd-472a-a16c-73703d2ec9e4.jpeg?h=225&w=225
Oddly Good All-In Barista Oat Drink 1L,€2.95,€2.00 Clubcard Price,€2.95/litre,https://www.tesco.ie/groceries/en-IE/products/314306470,https://digitalcontent.api.tesco.com/v2/media/ghs/6104436e-ec27-4032-8db8-2c11f9ceb113/379cc8db-d908-46a4-a3d1-aaf015404415_1133525494.jpeg?h=225&w=225
Starbucks Coffee Caramel Macchiato 220 Ml,Currently out of stock,,,https://www.tesco.ie/groceries/en-IE/products/266891815,https://digitalcontent.api.tesco.com/v2/media/ghs/c1bfb55c-7a43-455f-ba2b-12f4bfc43503/de8987f8-21f5-42e6-81a6-c6fb81cfca66.jpeg?h=225&w=225
Alpro Soya Chocolate Longlife Drink Alternative 1 Litre,€3.50,,€3.50/litre,https://www.tesco.ie/groceries/en-IE/products/276745807,https://digitalcontent.api.tesco.com/v2/media/ghs/298106d2-0f7a-4291-9eb9-baf6a13e9dae/64867b07-9d17-41cc-86b5-92975b43cc24.jpeg?h=225&w=225
Alpro Light Fresh Drink Alternative Alternative 1L,€2.19,,€2.19/litre,https://www.tesco.ie/groceries/en-IE/products/258878182,https://digitalcontent.api.tesco.com/v2/media/ghs/7621eb5b-3a11-436d-90b7-c41936b9133d/a28aae59-0e50-4601-a038-5d9340e01c02_1332329040.jpeg?h=225&w=225
Oatly Organic Oat Long Life Drink 1L,€3.05,,€3.05/litre,https://www.tesco.ie/groceries/en-IE/products/251496638,https://digitalcontent.api.tesco.com/v2/media/ghs/5be0d425-a2b4-4dd8-88ae-ed0f55ab7043/db9c6984-3779-483f-809e-531c5fd44a96.jpeg?h=225&w=225
Premier Fresh Milk 500Ml,€0.85,,€1.70/litre,https://www.tesco.ie/groceries/en-IE/products/254544376,https://digitalcontent.api.tesco.com/v2/media/ghs/ec0d23f2-0c2f-4154-a3f3-354bc0bd2ce5/cc6e5395-cd59-4af9-9467-81055c2658f1_1460379346.jpeg?h=225&w=225
GetPro Chocolate Long Life High Protein Drink 330ml,€2.79,€1.85 Clubcard Price,€8.46/litre,https://www.tesco.ie/groceries/en-IE/products/314941917,https://digitalcontent.api.tesco.com/v2/media/ghs/0e8b390f-14c2-443b-a3d0-6d3dc1313645/90e260b9-afb6-4829-90b5-b866ba6ff2f0_1917968846.jpeg?h=225&w=225
Califia Farms Cold Brew Coffee Plus Caramel Oat 750Ml,€3.85,,€5.13/litre,https://www.tesco.ie/groceries/en-IE/products/311797404,https://digitalcontent.api.tesco.com/v2/media/ghs/60769220-b310-4846-8fd1-486951a7faf1/2da37296-b899-42a7-95ed-172c2cfa4932_13999217.jpeg?h=225&w=225
Califia Farms Xx Espresso Cold Brew Dairy Free Coffee 750Ml,€3.89,,€5.19/litre,https://www.tesco.ie/groceries/en-IE/products/304395556,https://digitalcontent.api.tesco.com/v2/media/ghs/58ac21cf-9ae7-4667-8dc1-b04f39eabc74/4ffbbb67-bac7-4ba0-a4a3-cef65f1cbd1f_596692758.jpeg?h=225&w=225
Califia Farms Unsweetened Almond & Vanilla Drink 750Ml,€3.19,,€4.25/litre,https://www.tesco.ie/groceries/en-IE/products/304396152,https://digitalcontent.api.tesco.com/v2/media/ghs/c41b4e23-55e0-407b-8978-9ba4cdb9717d/dbf4c98b-caa0-4436-a0cb-60665aee5999_1224795461.jpeg?h=225&w=225
Alpro Barista Almond Chilled Dairy Free Drink 750ml,€2.59,,€3.45/litre,https://www.tesco.ie/groceries/en-IE/products/315061791,https://digitalcontent.api.tesco.com/v2/media/ghs/421559bb-c0ff-4506-a597-1c02da72d797/18234520-0174-4ef3-8a8f-0e3bbf3a1315.jpeg?h=225&w=225
Avonmore Dairy Free Oat Drink Barista 1L,€2.99,€2.50 Clubcard Price,€2.99/litre,https://www.tesco.ie/groceries/en-IE/products/313945077,https://digitalcontent.api.tesco.com/v2/media/ghs/5e8bc943-9ece-41da-9663-96e34954302c/002fc039-36a3-4f66-8805-6c20dc1bc329_928156769.jpeg?h=225&w=225
The Original Oatly Light Oat Long Life Drink 1L,€3.05,€2.50 Clubcard Price,€3.05/litre,https://www.tesco.ie/groceries/en-IE/products/314099903,https://digitalcontent.api.tesco.com/v2/media/ghs/b73ad813-2dfc-41e4-8475-6311deb3ecf3/0e0e111b-dd63-4878-af12-230a8e78feae_177319447.jpeg?h=225&w=225
Starbucks Double Shot Expresso 200Ml,€2.89,,€14.45/litre,https://www.tesco.ie/groceries/en-IE/products/312108500,https://digitalcontent.api.tesco.com/v2/media/ghs/14a64d96-16db-4607-b4c7-bb4dbbd33166/0825af92-6ee4-4139-a1cc-543cf12eaa12_685252557.jpeg?h=225&w=225
GetPro Vanilla Long Life High Protein Drink 330ml,€2.79,€1.85 Clubcard Price,€8.46/litre,https://www.tesco.ie/groceries/en-IE/products/315155346,https://digitalcontent.api.tesco.com/v2/media/ghs/a76c9c3c-ab79-4ac3-8497-6c3dc9673b5b/f91b0f5e-78dd-4777-bfab-a725b1129e4b_65975177.jpeg?h=225&w=225
Califia Farms Pumpkin Spice Coffee With Almond 750Ml,€3.89,,€5.19/litre,https://www.tesco.ie/groceries/en-IE/products/311261779,https://digitalcontent.api.tesco.com/v2/media/ghs/f5456548-4ca9-427c-8ece-c5612c7a1291/2f026cdb-6fba-4f5e-a995-b4a4c2de5a4c_1051278662.jpeg?h=225&w=225
Oddly Good Oat Drink 1L,€2.59,€2.00 Clubcard Price,€2.59/litre,https://www.tesco.ie/groceries/en-IE/products/314119616,https://digitalcontent.api.tesco.com/v2/media/ghs/e9291009-fb45-4224-af65-f2225fd29171/0748da42-d379-4d13-baa2-42b5233e60b0_1188090925.jpeg?h=225&w=225
Linda Mccartney Organic Soya Drink 1L,€1.35,Reduced to Clear Was €2.69 Now €1.35,€1.35/litre,https://www.tesco.ie/groceries/en-IE/products/311432635,https://digitalcontent.api.tesco.com/v2/media/ghs/2e86254c-0ba8-41b6-b8d9-c50323c7612f/a08f58a3-7f6b-4db9-ad56-c74ae3e3becf_2061398328.jpeg?h=225&w=225
Alpro This is Not M*lk Semi Chilled Oat Drink 750ml,€2.59,,€3.45/litre,https://www.tesco.ie/groceries/en-IE/products/315339930,https://digitalcontent.api.tesco.com/v2/media/ghs/4f770b28-1a86-4b50-a1f9-cfa9831daba1/f21b519c-240f-487a-ae1b-b997c5cf646a.jpeg?h=225&w=225
Yazoo Chilled Strawberry Flavour Milkshake 400Ml,€1.75,,€4.38/litre,https://www.tesco.ie/groceries/en-IE/products/290369713,https://digitalcontent.api.tesco.com/v2/media/ghs/2e7140c6-5779-4a3a-8b8c-bdff1594331f/f6321e9e-82d2-4368-9a62-8b426ff00f4e.jpeg?h=225&w=225
Minor Figures Barista Oat Drink 1L,€2.35,€2.00 Clubcard Price,€2.35/litre,https://www.tesco.ie/groceries/en-IE/products/311444765,https://digitalcontent.api.tesco.com/v2/media/ghs/3708c8f8-23ac-406b-8342-68d4bbbc80d5/30fb14de-6938-4491-bda7-d3baebca0db8.jpeg?h=225&w=225
VIVA No Added Sugar Strawberry Flavour Milk Drink 1L,€1.59,,€1.59/litre,https://www.tesco.ie/groceries/en-IE/products/315374904,https://digitalcontent.api.tesco.com/v2/media/ghs/05805176-ad91-46c4-8672-60e09bb61245/b52448e6-5fc9-4ad2-9e39-5a664471b383_1310952414.jpeg?h=225&w=225
Starbucks Caffe Latte Chilled Coffee 220Ml,€3.45,,€15.68/litre,https://www.tesco.ie/groceries/en-IE/products/312110099,https://digitalcontent.api.tesco.com/v2/media/ghs/0a61b087-093d-4f45-92c1-11d3c4cf9fe5/e1c2fc8a-76f3-4e7f-8226-4a25c40d2a5a_67273314.jpeg?h=225&w=225
