Title,Price,Promotional Price,Price Per,Product URL,Image URL
Muller Rice Low Fat Strawberry Pudding 170G,€1.19,Any 4 for €3.75 Clubcard Price - Selected Muller Yogurt Or Desserts 124g-170g,€7.00/kg,https://www.tesco.ie/groceries/en-IE/products/311668391,https://digitalcontent.api.tesco.com/v2/media/ghs/e2399520-b490-40e0-a1f1-cb0fafd72fa3/5ae2ddf1-40ec-45f8-b343-a009cb210128.jpeg?h=225&w=225
Muller Rice Low Fat Original Pudding 170G,€1.19,Any 4 for €3.75 Clubcard Price - Selected Muller Yogurt Or Desserts 124g-170g,€7.00/kg,https://www.tesco.ie/groceries/en-IE/products/311950056,https://digitalcontent.api.tesco.com/v2/media/ghs/4dddb23b-67a9-44b6-9662-310fe3ee4f94/7298e022-1174-40c9-b9aa-b7ffce58a55e.jpeg?h=225&w=225
Muller Rice Low Fat Vanilla Custard Pudding 170G,€1.19,Any 4 for €3.75 Clubcard Price - Selected Muller Yogurt Or Desserts 124g-170g,€7.00/kg,https://www.tesco.ie/groceries/en-IE/products/311252721,https://digitalcontent.api.tesco.com/v2/media/ghs/a03c2853-87c6-4b7b-a27a-692cef4a72ed/ee765f76-ae20-40d5-b722-22392fa7bb94.jpeg?h=225&w=225
Muller Rice Low Fat Apple Pudding 170G,€1.19,Any 4 for €3.75 Clubcard Price - Selected Muller Yogurt Or Desserts 124g-170g,€7.00/kg,https://www.tesco.ie/groceries/en-IE/products/311261606,https://digitalcontent.api.tesco.com/v2/media/ghs/eb12082b-0390-44ee-8633-9f0df0cf99f1/61c288c1-859f-4c65-a5c4-08118d251b53_1214763335.jpeg?h=225&w=225
Tesco Strawberry Trifles 405G (3X135g),€1.95,,€4.82/kg,https://www.tesco.ie/groceries/en-IE/products/304398956,https://digitalcontent.api.tesco.com/v2/media/ghs/f70c1e57-5eeb-4037-8e0a-2ec3af946ff7/6fdf3200-e591-41c6-9409-da2b836cc133.jpeg?h=225&w=225
Nestle Rolo Dessert 2X65g,€1.69,€1.25 Clubcard Price,€13.00/kg,https://www.tesco.ie/groceries/en-IE/products/310182701,https://digitalcontent.api.tesco.com/v2/media/ghs/d781f24a-72c2-418d-8d34-c952a85fff35/fa4f4905-b483-49d6-a4cd-fc732d9a6020.jpeg?h=225&w=225
Aero Chocolate Mousse 4 X59g,€2.59,,€10.98/kg,https://www.tesco.ie/groceries/en-IE/products/252857372,https://digitalcontent.api.tesco.com/v2/media/ghs/86c46154-04b8-4a02-9b54-0d8416676725/0b60f6f4-da0a-42cf-b644-c66000dc98e9.jpeg?h=225&w=225
Cadbury Wispa Bubbles Of Joy Chocolate Mousse 4X45g,€2.59,€2.00 Clubcard Price,€14.39/kg,https://www.tesco.ie/groceries/en-IE/products/276760656,https://digitalcontent.api.tesco.com/v2/media/ghs/84a6dfc5-8d2e-4341-a1b5-4af7fa153693/2cf38936-255b-460f-9016-28d1032a3f8c.jpeg?h=225&w=225
Cadbury Flake Milk Chocolate Dessert 75G,€1.48,Any 2 for €2.30 Clubcard Price - Selected Cadbury Products 75g,€19.73/kg,https://www.tesco.ie/groceries/en-IE/products/311807037,https://digitalcontent.api.tesco.com/v2/media/ghs/6d44927a-56d2-4616-805f-7aab7975bb24/763bc680-5f11-42b2-bf30-ad2208325616.jpeg?h=225&w=225
Muller Rice Protein Vanilla Flavoured 180G,€1.49,,€8.28/kg,https://www.tesco.ie/groceries/en-IE/products/311680605,https://digitalcontent.api.tesco.com/v2/media/ghs/695238f9-8c8e-412d-abc0-820a641430e6/9915a7bf-bbd5-420c-a8ba-fc685644d60b_649319371.jpeg?h=225&w=225
Lindahls Salted Caramel Protein Pudding 140G,€1.99,Any 2 for €3 Clubcard Price - Selected Lindahls Pudding 140g,€14.21/kg,https://www.tesco.ie/groceries/en-IE/products/311801406,https://digitalcontent.api.tesco.com/v2/media/ghs/856e3e7c-6bc8-43ee-9430-36eed61b829b/374295a4-6462-475a-91d7-778430a7d69f.jpeg?h=225&w=225
Cadbury Dairy Milk Buttons Chocolate Dessert 75G,€1.48,Any 2 for €2.30 Clubcard Price - Selected Cadbury Products 75g,€19.73/kg,https://www.tesco.ie/groceries/en-IE/products/311781296,https://digitalcontent.api.tesco.com/v2/media/ghs/f90074b1-0744-4546-8afc-b083586ca968/70b24ed3-342a-4b49-9c72-0647072d45f9.jpeg?h=225&w=225
Nestle Milkybar Mousse 4 X55g,€2.59,,€11.77/kg,https://www.tesco.ie/groceries/en-IE/products/289043126,https://digitalcontent.api.tesco.com/v2/media/ghs/d77700fb-02df-4a1f-a70d-cc1eb2aa2797/b6558bf9-befc-4d49-a8e9-4a283f604ba8.jpeg?h=225&w=225
Lindahls Protein Pudding Chocolate 140G,€1.99,Any 2 for €3 Clubcard Price - Selected Lindahls Pudding 140g,€14.21/kg,https://www.tesco.ie/groceries/en-IE/products/310130017,https://digitalcontent.api.tesco.com/v2/media/ghs/bb64767e-2fba-4528-89ee-0f64bb220c53/8a6185e0-a68f-4d93-acf5-78f09b99172d.jpeg?h=225&w=225
Nestle Milkybar Dessert 2X65g,€1.69,€1.25 Clubcard Price,€13.00/kg,https://www.tesco.ie/groceries/en-IE/products/311277755,https://digitalcontent.api.tesco.com/v2/media/ghs/db912b37-725c-4974-8446-0d192366e87f/8fe1a114-e6c4-4ae5-a1f1-a861f45b0535.jpeg?h=225&w=225
Rachel's Organic Divine Rice 2 X150g,€2.29,,€7.63/kg,https://www.tesco.ie/groceries/en-IE/products/256186068,https://digitalcontent.api.tesco.com/v2/media/ghs/b27fa2f9-f8b8-4009-9007-1a0e638a7292/269cec2e-8ad0-4175-a464-e33a92e764bd.jpeg?h=225&w=225
Ms Molly's S/Berrytrifle 2X115g 230G,€0.80,,€3.48/kg,https://www.tesco.ie/groceries/en-IE/products/300990854,https://digitalcontent.api.tesco.com/v2/media/ghs/5d1b2e55-9f9f-4fba-aafa-dbf6164dc09e/34201975-fda4-4056-941d-f05253591874.jpeg?h=225&w=225
Galberts Blackforest Trifle180g (Pm),€1.69,,€9.39/kg,https://www.tesco.ie/groceries/en-IE/products/268942874,https://digitalcontent.api.tesco.com/v2/media/ghs/a4ba753f-81fd-45dc-9473-9833600ce5d6/9346035d-8090-435a-88a1-8c762ad54e5f_760280956.jpeg?h=225&w=225
Milkybar Milk Slices 4X26g,€2.09,,€20.10/kg,https://www.tesco.ie/groceries/en-IE/products/295790856,https://digitalcontent.api.tesco.com/v2/media/ghs/08921934-4dd1-4516-8ba0-a11d8d1f95f3/c3a3447a-ba92-4d61-872f-db063d7568e8.jpeg?h=225&w=225
Tesco Strawberry Cheesecake 3 X 100G,€2.10,,€7.00/kg,https://www.tesco.ie/groceries/en-IE/products/253689428,https://digitalcontent.api.tesco.com/v2/media/ghs/554b731e-ce77-4551-a8dd-5feb479f596b/33f0f3b1-7a2f-469d-b0a4-31be234a31a6.jpeg?h=225&w=225
Aero Mint Chocolate Mousse 4X58g,€2.59,,€11.16/kg,https://www.tesco.ie/groceries/en-IE/products/259953235,https://digitalcontent.api.tesco.com/v2/media/ghs/4ab0d2cb-2c50-4640-ae34-679b8dac8ec9/bd954d4d-3de6-4f36-ae4f-9818fa9c2b6d.jpeg?h=225&w=225
Nestle Nesquik Milk Slice Chocolate Flavour 4X26g,€1.99,,€19.14/kg,https://www.tesco.ie/groceries/en-IE/products/286690153,https://digitalcontent.api.tesco.com/v2/media/ghs/8ceb832a-50fb-4a35-9568-90b1f2626369/e0fbc696-5724-4a80-97c5-a9671d4764fe.jpeg?h=225&w=225
Mul/Rce Apple & Raspberry Low Fat Dessert 6X170g,€5.23,,€5.13/kg,https://www.tesco.ie/groceries/en-IE/products/311941009,https://digitalcontent.api.tesco.com/v2/media/ghs/90bb586e-2366-4464-af41-1d232321e1eb/b93d379c-986a-4b1c-a8e0-f589928d4a7e.jpeg?h=225&w=225
Cadbury Dairy Milk Chunks Chocolate Dessert 75G,€1.48,Any 2 for €2.30 Clubcard Price - Selected Cadbury Products 75g,€19.73/kg,https://www.tesco.ie/groceries/en-IE/products/311202614,https://digitalcontent.api.tesco.com/v2/media/ghs/a049ddf9-4b91-4fac-9815-c1fd9dfe28ef/3916c6c3-a5a7-4e8f-abd4-c24130af6952_976589689.jpeg?h=225&w=225
Galberts Fruit Trifle 180G (P/M),€1.69,,€9.39/kg,https://www.tesco.ie/groceries/en-IE/products/268942920,https://digitalcontent.api.tesco.com/v2/media/ghs/dfaa5079-42be-45e6-9ca5-02b9d18c9aae/221b604d-bb4f-4ffa-86f9-4733ed08e1c8_376618527.jpeg?h=225&w=225
Tesco Finest Raspberry & Dark Chocolate Roulade 450G,€10.00,,€22.22/kg,https://www.tesco.ie/groceries/en-IE/products/305729766,https://digitalcontent.api.tesco.com/v2/media/ghs/cd3c4748-aca6-41cd-bb4c-66cd3ce0eee0/f82ef48c-dcfb-49a4-b522-d690dd4d5ad4.jpeg?h=225&w=225
Mul/Rce Strawberry & Original Low Fat Dessert 6X170g,€5.00,,€4.90/kg,https://www.tesco.ie/groceries/en-IE/products/311683850,https://digitalcontent.api.tesco.com/v2/media/ghs/c449e1aa-cfe7-4c2c-b39f-9945b822c0a4/ff54d9b3-ec12-4ef7-ae7a-22a80e222ffd.jpeg?h=225&w=225
Muller Light Chocolate Fix & Orange Flavoured Dessert 4X70g,€3.05,€2.00 Clubcard Price,€10.89/kg,https://www.tesco.ie/groceries/en-IE/products/314319472,https://digitalcontent.api.tesco.com/v2/media/ghs/17bfc64f-b5df-4139-b9d6-95e7cb86fd26/49065e47-5744-4eee-afdf-b550621098ff.jpeg?h=225&w=225
What's For Pudding ? Sticky Toffee Pudding 420G,€5.99,,€14.26/kg,https://www.tesco.ie/groceries/en-IE/products/306926600,https://digitalcontent.api.tesco.com/v2/media/ghs/7d5341f5-e961-4d8b-b22c-fa5750f0288c/snapshotimagehandler_1723442850.jpeg?h=225&w=225
Aero Creations Chocolate Mousse 4X57g,€2.59,€2.25 Clubcard Price,€11.36/kg,https://www.tesco.ie/groceries/en-IE/products/268895324,https://digitalcontent.api.tesco.com/v2/media/ghs/0f263bdf-2173-4064-bbe3-607e2646bf39/2dd82090-0dee-4a7d-9824-f1fe8bd5ae0b_1364380601.jpeg?h=225&w=225
Everest Hipro Salted Caramel Prtn Pudding 200G,€1.50,Meal Deal for €4.49 - Buy Any 1 Pasta Or Wrap Or Sandwich Or Salad Or Sushi & 1 Crisp Or Fruit & 1 Drink,€7.50/kg,https://www.tesco.ie/groceries/en-IE/products/307338822,https://digitalcontent.api.tesco.com/v2/media/ghs/97548f82-7fc8-482d-9255-4741387ec30a/bc092693-9a42-4502-90a3-a4dcd6a01e1d_1176153797.jpeg?h=225&w=225
Tesco Strawberry Trifle 600G,€3.50,,€5.83/kg,https://www.tesco.ie/groceries/en-IE/products/254154653,https://digitalcontent.api.tesco.com/v2/media/ghs/3b3b2496-168e-4220-88c2-4d731a999884/01c21b25-8432-4ceb-8096-b2d8d8b774c5.jpeg?h=225&w=225
Galberts Twin Pack Tiramisu 2 X 90G,€3.49,,€19.39/kg,https://www.tesco.ie/groceries/en-IE/products/312344337,https://digitalcontent.api.tesco.com/v2/media/ghs/9966f12e-dc40-4338-a6b1-8f06fe405299/d7a5e00d-e7b8-4792-8af6-ac1ef26ba5f3.jpeg?h=225&w=225
Cadbury Dairy Milk Pots Of Joy Chocolate Dessert 4X60g,€4.09,€3.25 Clubcard Price,€17.04/kg,https://www.tesco.ie/groceries/en-IE/products/311948209,https://digitalcontent.api.tesco.com/v2/media/ghs/b5cb5018-8416-4d6d-978d-2347d42682bf/cc7a4b80-ce54-4502-a806-e2956b1eed8b.jpeg?h=225&w=225
Muller Light Chocolate Fix Milk Chocolate Dessert 4X70g,€3.05,€2.00 Clubcard Price,€10.89/kg,https://www.tesco.ie/groceries/en-IE/products/314121722,https://digitalcontent.api.tesco.com/v2/media/ghs/e1755435-daaf-43cf-8bf0-f37c889e60e9/cc3c203a-36b3-43cd-bef2-767b9146669e.jpeg?h=225&w=225
Gu Salted Caramel Cheesecake 2X92g,€4.50,,€24.46/kg,https://www.tesco.ie/groceries/en-IE/products/302355446,https://digitalcontent.api.tesco.com/v2/media/ghs/da9a40ef-5ffb-4fb2-b38b-9823ba1ee42c/b8e97c16-9e77-4a85-ad19-d02455257c14.jpeg?h=225&w=225
Galberts Family Tiramisu 500G,€5.99,,€11.98/kg,https://www.tesco.ie/groceries/en-IE/products/298423781,https://digitalcontent.api.tesco.com/v2/media/ghs/6252b46e-7324-4d87-bb6b-faa868a1959f/bc857b2a-6724-472d-95aa-3f3f8e0ae918_1520779461.jpeg?h=225&w=225
Muller Light Chocolate Fix & Caramel Layers 4X70g,€3.05,€2.00 Clubcard Price,€10.89/kg,https://www.tesco.ie/groceries/en-IE/products/313943407,https://digitalcontent.api.tesco.com/v2/media/ghs/9271be2b-1518-44a5-b713-2b2d56f934df/68942482-c3d3-41d8-bb5c-30fbc0629db4.jpeg?h=225&w=225
Gu Inspirations Chocolate & Honeycomb Desserts 2X86.5G,€4.50,,€26.01/kg,https://www.tesco.ie/groceries/en-IE/products/308845456,https://digitalcontent.api.tesco.com/v2/media/ghs/0b3dbc29-9138-4bb4-89c3-88130a8cccad/d6d1a8de-fb13-41a0-90dc-1415a92944dc.jpeg?h=225&w=225
Gu Double Chocolate & Vanilla Cheesecake Desserts 2X82g,€4.50,,€27.44/kg,https://www.tesco.ie/groceries/en-IE/products/310114714,https://digitalcontent.api.tesco.com/v2/media/ghs/8b0eb77e-a595-4ea8-b1bc-35a570d27dd7/1c9071d1-30aa-433a-8ef3-9f048e6bd640.jpeg?h=225&w=225
Fusco Raspberry And And Hazelnut Roulade 400G,€8.00,,€20.00/kg,https://www.tesco.ie/groceries/en-IE/products/294239406,https://digitalcontent.api.tesco.com/v2/media/ghs/a829c1d1-8641-42d9-9d2d-be76b2102d51/c52c9bc9-8694-4aed-8aa5-0c59f0ad9c31.jpeg?h=225&w=225
Oreo Spilt Pot Yogurt Dessert 4X120g,€4.29,€3.69 Clubcard Price,€8.94/kg,https://www.tesco.ie/groceries/en-IE/products/294303889,https://digitalcontent.api.tesco.com/v2/media/ghs/50932160-77ab-4990-a7ab-ab918be5094a/83865d4d-8b2c-46d0-a615-7b7e353ed978_1243691402.jpeg?h=225&w=225
Gu Lemon Cheesecake 2X90g,€4.50,,€25.00/kg,https://www.tesco.ie/groceries/en-IE/products/257305048,https://digitalcontent.api.tesco.com/v2/media/ghs/bcfe6eec-7b64-40de-a1b7-119d91e5377e/44e272fe-6033-4271-841f-fbd558d62141.jpeg?h=225&w=225
Gu-Zillionaire Cheesecakes 2 X91.5G,€4.50,,€24.59/kg,https://www.tesco.ie/groceries/en-IE/products/280738200,https://digitalcontent.api.tesco.com/v2/media/ghs/85597136-1fe3-488b-8aac-bfca0fc5e82c/686df1ab-a9ab-492f-8fcc-8a4b906dd086.jpeg?h=225&w=225
Birds Rts Custrd Orginal Tetra 500G,€3.75,,€7.50/kg,https://www.tesco.ie/groceries/en-IE/products/260279066,https://digitalcontent.api.tesco.com/v2/media/ghs/45c86bf4-9bf9-4b7d-a6fb-be0f12cf433d/snapshotimagehandler_2080566092.jpeg?h=225&w=225
Muller Light Chocolate Fix & Mint Flavoured Dessert 4X70g,€3.05,€2.00 Clubcard Price,€10.89/kg,https://www.tesco.ie/groceries/en-IE/products/314308859,https://digitalcontent.api.tesco.com/v2/media/ghs/b7f8fe79-6e67-404d-bb3b-7a8c6cdc84a2/808ffb5b-871d-4f61-9e46-95530f828f1a.jpeg?h=225&w=225
Couverture Desserts Chocolate Fudge Cake 200G,€3.50,,€17.50/kg,https://www.tesco.ie/groceries/en-IE/products/309171076,https://digitalcontent.api.tesco.com/v2/media/ghs/84a23311-1007-455d-8276-ab2ef83f4955/2a020095-24f6-456b-b127-d01449601d62_930589787.jpeg?h=225&w=225
Gu Strawberry & Clotted Cream Cheesecake 2X87g,€4.50,,€25.86/kg,https://www.tesco.ie/groceries/en-IE/products/306659609,https://digitalcontent.api.tesco.com/v2/media/ghs/f90e2ec7-81e5-455d-b993-e48b066d981f/3d94413a-3c6c-423f-bd31-30f7829e4136.jpeg?h=225&w=225
Muller Light Chocolate Fix White Chocolate Dessert 4X70g,€3.05,€2.00 Clubcard Price,€10.89/kg,https://www.tesco.ie/groceries/en-IE/products/313943868,https://digitalcontent.api.tesco.com/v2/media/ghs/1436c7fe-04ad-446a-bf98-e810556f07ee/08f13aae-ae9b-4779-87e2-eacd449a76e2_111738207.jpeg?h=225&w=225
Aero Chocolate Caramel Mousse 4 X 58G,€2.59,,€11.16/kg,https://www.tesco.ie/groceries/en-IE/products/311936448,https://digitalcontent.api.tesco.com/v2/media/ghs/3052d7ad-7952-4a93-9d5d-e1a532ac496f/db41cd66-d788-4d05-95fd-c805d0ead612_1736680997.jpeg?h=225&w=225
Galberts Profiteroles 420G,€5.99,,€14.26/kg,https://www.tesco.ie/groceries/en-IE/products/305961708,https://digitalcontent.api.tesco.com/v2/media/ghs/83ba4c41-046a-4524-beb9-930471159a73/400237f8-bdd7-4ac0-a28f-309a04253430_192502220.jpeg?h=225&w=225
Glenilen Farm Lemon Cheesecake 425G,€5.99,,€14.09/kg,https://www.tesco.ie/groceries/en-IE/products/314098328,https://digitalcontent.api.tesco.com/v2/media/ghs/7073bb8e-2697-4bd7-9674-60053081b9ea/540d69ef-1345-4f10-88cf-c089c559c5bf_475210929.jpeg?h=225&w=225
Tesco Finest All Buttermini Tartlets 9S 90G,€3.70,,€41.11/kg,https://www.tesco.ie/groceries/en-IE/products/275969515,https://digitalcontent.api.tesco.com/v2/media/ghs/af44084a-29b8-4b97-84a6-6b4ee91e00ab/246a8e8f-1ea8-451d-b732-9ddbd371cf1c_973433442.jpeg?h=225&w=225
Couverture Desserts Cappuccino Cake 200G,€3.50,,€17.50/kg,https://www.tesco.ie/groceries/en-IE/products/309206100,https://digitalcontent.api.tesco.com/v2/media/ghs/d26ef7d8-57aa-47a6-9047-800ab7ce0e71/snapshotimagehandler_2122600479.jpeg?h=225&w=225
Cadbury Heroes Wispa & Dairy Milk Chocolate Desserts 4X75g,€4.89,€3.69 Clubcard Price,€16.30/kg,https://www.tesco.ie/groceries/en-IE/products/311957360,https://digitalcontent.api.tesco.com/v2/media/ghs/e327bd38-d460-4457-b426-5ada09a60d4a/be390552-e61b-4c44-b3a1-5e40626f23bd.jpeg?h=225&w=225
Glenilen Farm Mango And Passion Fruit Cheesecake 425G,€5.99,,€14.09/kg,https://www.tesco.ie/groceries/en-IE/products/314320636,https://digitalcontent.api.tesco.com/v2/media/ghs/f5a7ed4c-ea23-49f9-a7fc-67cfa73c3bb1/82e5c8fc-f4b9-4244-8045-82850c4fe304_861810818.jpeg?h=225&w=225
Couverture Desserts Chocolate Fudge Cake 680G,€9.15,,€13.46/kg,https://www.tesco.ie/groceries/en-IE/products/309185267,https://digitalcontent.api.tesco.com/v2/media/ghs/8b8ef48e-b0f7-4f95-95b7-6afebeea2310/snapshotimagehandler_96880985.jpeg?h=225&w=225
Staffords Bakery Belgian Chocolate Ganache Cake 520G,€7.99,,€15.36/kg,https://www.tesco.ie/groceries/en-IE/products/301745885,https://digitalcontent.api.tesco.com/v2/media/ghs/275d9a44-87ef-48b2-ad1e-a044ee798ce3/1d0c7494-3e17-4009-8dd3-3d7776d0e9ca_1675797407.jpeg?h=225&w=225
Couverture Desserts Zesty Lemon Cake 200G,€3.50,,€17.50/kg,https://www.tesco.ie/groceries/en-IE/products/309205124,https://digitalcontent.api.tesco.com/v2/media/ghs/2a5a3b82-59c7-4861-95d5-fa783bc50a29/snapshotimagehandler_309611577.jpeg?h=225&w=225
Galberts Limoncello Twin Pack 2X95g,€3.49,,€18.37/kg,https://www.tesco.ie/groceries/en-IE/products/285549272,https://digitalcontent.api.tesco.com/v2/media/ghs/0f1132f1-8b78-477e-9e32-483461963822/593d73dd-7649-4183-bd28-099f62c688ac_517832607.jpeg?h=225&w=225
Stafford's Bkry Biscuit Cake 680G,€7.99,,€10.24/kg,https://www.tesco.ie/groceries/en-IE/products/301745925,https://digitalcontent.api.tesco.com/v2/media/ghs/b1c0be09-674e-47ef-b039-3bd15d5754b1/snapshotimagehandler_1903928621.jpeg?h=225&w=225
Couverture Desserts Vanilla Cake 680G,€9.15,,€13.46/kg,https://www.tesco.ie/groceries/en-IE/products/309176399,https://digitalcontent.api.tesco.com/v2/media/ghs/c83f776f-d610-4c8f-b4a4-8a4f00fb7812/snapshotimagehandler_401856026.jpeg?h=225&w=225
Couverture Desserts Zesty Lemon Cake 680G,€9.15,,€13.46/kg,https://www.tesco.ie/groceries/en-IE/products/309173137,https://digitalcontent.api.tesco.com/v2/media/ghs/f34b6d86-b7bc-4b09-91a1-0ddfbba7de84/snapshotimagehandler_1156455323.jpeg?h=225&w=225
Stafford's Bkry Lemon Meringue Pie 650G,€11.00,,€16.18/kg,https://www.tesco.ie/groceries/en-IE/products/299776460,https://digitalcontent.api.tesco.com/v2/media/ghs/212d1236-55ac-44ef-8200-e6748951405a/8ac8e1a3-b277-4a46-93ce-cd13c20adec9_251451228.jpeg?h=225&w=225
Staffords Bkry Old Sty Victoria Cake 800G,€10.59,,€13.24/kg,https://www.tesco.ie/groceries/en-IE/products/301744892,https://digitalcontent.api.tesco.com/v2/media/ghs/2f24efa6-f84e-439b-bf9f-8334f52e9067/snapshotimagehandler_840706901.jpeg?h=225&w=225
Dorigin Sicilian Lemon Cheesecake 440G,€6.00,,€13.64/kg,https://www.tesco.ie/groceries/en-IE/products/312716385,https://digitalcontent.api.tesco.com/v2/media/ghs-mktg/b0b04216-fa73-466d-a9d7-c9fcfa1ce9b3/no-image.jpeg
Stafford's Bkry Dairy Cream Cupcakes 450G,€7.99,,€17.76/kg,https://www.tesco.ie/groceries/en-IE/products/289809872,https://digitalcontent.api.tesco.com/v2/media/ghs/da472068-5f36-4d98-b204-29ecf0e883b0/snapshotimagehandler_1030682373.jpeg?h=225&w=225
Rachel H Chocolate Cream Eclair 240G,€5.95,,€24.79/kg,https://www.tesco.ie/groceries/en-IE/products/314711560,https://digitalcontent.api.tesco.com/v2/media/ghs-mktg/b0b04216-fa73-466d-a9d7-c9fcfa1ce9b3/no-image.jpeg
Rachel H's Vanilla Custard Slice 200g,€4.00,,€20.00/kg,https://www.tesco.ie/groceries/en-IE/products/314577467,https://digitalcontent.api.tesco.com/v2/media/ghs-mktg/b0b04216-fa73-466d-a9d7-c9fcfa1ce9b3/no-image.jpeg
Staffords Bakeries Fruit Pavlovas 220G,€6.00,,€27.27/kg,https://www.tesco.ie/groceries/en-IE/products/309174159,https://digitalcontent.api.tesco.com/v2/media/ghs-mktg/b0b04216-fa73-466d-a9d7-c9fcfa1ce9b3/no-image.jpeg
Couverture Desserts Cappuccino Cake 680G,€9.15,,€13.46/kg,https://www.tesco.ie/groceries/en-IE/products/309207599,https://digitalcontent.api.tesco.com/v2/media/ghs/22fa28df-9444-41b6-9f61-f1d7f5ec36b2/snapshotimagehandler_387557326.jpeg?h=225&w=225
