Title,Price,Promotional Price,Price Per,Product URL,Image URL
Tesco Family Pack Carrots 1Kg,€1.25,,€1.25/kg,https://www.tesco.ie/groceries/en-IE/products/285293331,https://digitalcontent.api.tesco.com/v2/media/ghs/c30fc16d-e0f5-449d-84c0-d32d62181b94/snapshotimagehandler_808032736.jpeg?h=225&w=225
Tesco Family Pack Onions 1 Kilograms,€1.29,,€1.29/kg,https://www.tesco.ie/groceries/en-IE/products/273636291,https://digitalcontent.api.tesco.com/v2/media/ghs/c627c057-e9e6-4484-9457-d9728a8f493a/snapshotimagehandler_1469942508.jpeg?h=225&w=225
Tesco Family Pack Broccoli,€1.49,,€1.49/each,https://www.tesco.ie/groceries/en-IE/products/293687406,https://digitalcontent.api.tesco.com/v2/media/ghs/bbff2faa-3f85-41ca-9a61-19d7c9a287be/snapshotimagehandler_2058081638.jpeg?h=225&w=225
Tesco Closed Cup Mushroom 300G,€1.25,,€4.17/kg,https://www.tesco.ie/groceries/en-IE/products/283439526,https://digitalcontent.api.tesco.com/v2/media/ghs/3590441a-d3ad-4e8d-bdf3-b6ef07e1d9db/snapshotimagehandler_617102227.jpeg?h=225&w=225
Tesco Irish Rooster 2Kg,€3.69,,€1.84/kg,https://www.tesco.ie/groceries/en-IE/products/285513101,https://digitalcontent.api.tesco.com/v2/media/ghs/18e857a7-3629-4e10-8382-485eb0a788be/snapshotimagehandler_874322772.jpeg?h=225&w=225
Tesco Carrot Bag 500G,€0.79,,€1.58/kg,https://www.tesco.ie/groceries/en-IE/products/294329565,https://digitalcontent.api.tesco.com/v2/media/ghs/b05ea9d9-66df-4a5a-b0f8-2f01035e2298/snapshotimagehandler_926434132.jpeg?h=225&w=225
Tesco Salad Onions Bunch,€0.85,,€0.85/each,https://www.tesco.ie/groceries/en-IE/products/254523228,https://digitalcontent.api.tesco.com/v2/media/ghs/c98ae47f-5cab-4b27-82c8-bc0b228484c6/snapshotimagehandler_1834537405.jpeg?h=225&w=225
Tesco Baby Potatoes 1Kg,€1.20,,€1.20/kg,https://www.tesco.ie/groceries/en-IE/products/309192016,https://digitalcontent.api.tesco.com/v2/media/ghs/68841453-6d86-43ae-821d-49d6ec67c326/b911c7bb-f3c6-4900-b1ce-6f9acbfd3ffe_77500520.jpeg?h=225&w=225
Tesco Irish Rooster 7.5Kg,€7.99,,€1.06/kg,https://www.tesco.ie/groceries/en-IE/products/259120392,https://digitalcontent.api.tesco.com/v2/media/ghs/32167719-f083-4f79-8f5f-84042c048cd3/snapshotimagehandler_1774669229.jpeg?h=225&w=225
Tesco Red Onion 750G,€0.99,,€1.32/kg,https://www.tesco.ie/groceries/en-IE/products/278416463,https://digitalcontent.api.tesco.com/v2/media/ghs/67b019e4-4adc-4eaf-aa01-9aace40cd80c/snapshotimagehandler_2087862748.jpeg?h=225&w=225
Tesco Broccoli Loose,€0.87,,€2.29/kg,https://www.tesco.ie/groceries/en-IE/products/257231200,https://digitalcontent.api.tesco.com/v2/media/ghs/ae0c420c-15d0-4453-8146-b7290ab8c538/c820c8dc-92e3-4363-a988-07711f6c6117.jpeg?h=225&w=225
Tesco Courgettes Pre Packed 500G,€1.69,,€3.38/kg,https://www.tesco.ie/groceries/en-IE/products/280605939,https://digitalcontent.api.tesco.com/v2/media/ghs/e83e681b-0d52-4b89-a74a-9a402ed49f60/snapshotimagehandler_746614484.jpeg?h=225&w=225
Tesco Parsnips 500G,€1.49,,€2.98/kg,https://www.tesco.ie/groceries/en-IE/products/256828487,https://digitalcontent.api.tesco.com/v2/media/ghs/6888d9df-c411-407f-9ba7-1b84b9eeb1d0/983ef842-e6b6-4ef7-b4df-5784c1ffaedf_157495042.jpeg?h=225&w=225
Tesco Mild Onions 3 Pack,€1.49,,€0.50/each,https://www.tesco.ie/groceries/en-IE/products/255591231,https://digitalcontent.api.tesco.com/v2/media/ghs/3392086d-1a2b-405d-991a-ab6849bbd486/snapshotimagehandler_837107393.jpeg?h=225&w=225
Tesco Sweet Potatoes 800G,€0.99,,€1.24/kg,https://www.tesco.ie/groceries/en-IE/products/298040830,https://digitalcontent.api.tesco.com/v2/media/ghs/cfb727fd-4d22-4c90-bf7b-a495f08b8b95/snapshotimagehandler_1555351778.jpeg?h=225&w=225
Tesco Irish Chestnut Mushrooms 250G,€1.09,,€4.36/kg,https://www.tesco.ie/groceries/en-IE/products/306954071,https://digitalcontent.api.tesco.com/v2/media/ghs/6c0cc850-45e0-4c16-95a3-f455c9c6767a/snapshotimagehandler_305521210.jpeg?h=225&w=225
Tesco Irish Rooster 4Kg,€5.49,,€1.37/kg,https://www.tesco.ie/groceries/en-IE/products/294291705,https://digitalcontent.api.tesco.com/v2/media/ghs/2c710d7e-3096-4f16-a7d0-a815c1cbeaab/snapshotimagehandler_1003446761.jpeg?h=225&w=225
Green Growers Garlic 4 Pack 160G,€0.99,,€6.19/kg,https://www.tesco.ie/groceries/en-IE/products/313362757,https://digitalcontent.api.tesco.com/v2/media/ghs/3e91edae-d9e6-406f-9964-1ded631982d7/6895197c-bf8c-4472-8526-4ccddfb99916_253434480.jpeg?h=225&w=225
Tesco Carrots Loose,€0.12,,€1.15/kg,https://www.tesco.ie/groceries/en-IE/products/254638565,https://digitalcontent.api.tesco.com/v2/media/ghs/47e5311e-2827-46ef-a97d-3b9a8d9aa8e9/snapshotimagehandler_1804754647.jpeg?h=225&w=225
Tesco Baby Button Mushrooms 150G,€0.95,,€6.33/kg,https://www.tesco.ie/groceries/en-IE/products/258694272,https://digitalcontent.api.tesco.com/v2/media/ghs/fb72f488-4d9d-432c-a595-254682416f18/d5e1f7a8-d050-4248-a71b-ce48d59b8c22_734555843.jpeg?h=225&w=225
Tesco Maris Piper Potatoes 2Kg,€3.89,,€1.94/kg,https://www.tesco.ie/groceries/en-IE/products/300864578,https://digitalcontent.api.tesco.com/v2/media/ghs/7d2571d3-3a0b-4b30-a155-4714935069cf/snapshotimagehandler_1603534564.jpeg?h=225&w=225
Country Crest Microwaveable Baby Potatoes 500G,€1.25,79c Clubcard Price,€2.50/kg,https://www.tesco.ie/groceries/en-IE/products/278633643,https://digitalcontent.api.tesco.com/v2/media/ghs/4e713d31-39ff-4451-831a-98561ca3ab5c/28f74f47-193f-4073-bec4-6c36bc91a47d_925117830.jpeg?h=225&w=225
Tesco Pre-Packed Leeks 500G,€1.79,,€3.58/kg,https://www.tesco.ie/groceries/en-IE/products/281026649,https://digitalcontent.api.tesco.com/v2/media/ghs/1a30cb8e-7ea6-46e7-8980-8a3d55820af3/snapshotimagehandler_1776469441.jpeg?h=225&w=225
Tesco Parsnips Loose,€0.37,,€2.49/kg,https://www.tesco.ie/groceries/en-IE/products/253557408,https://digitalcontent.api.tesco.com/v2/media/ghs/a3be7948-bbe6-4069-a80d-78256dfda0cc/b660fd95-d27b-40fa-b763-332e9aa8bd68.jpeg?h=225&w=225
Tesco Organic Carrots 700G,€1.19,,€1.70/kg,https://www.tesco.ie/groceries/en-IE/products/256687445,https://digitalcontent.api.tesco.com/v2/media/ghs/d0b62479-d1dc-4b37-bb1f-b59e544771df/7be7d790-db00-4f9f-9bf7-8df543f3d50f_1595564162.jpeg?h=225&w=225
Irish Sliced Mushrooms,€1.09,,€7.27/kg,https://www.tesco.ie/groceries/en-IE/products/278903094,https://digitalcontent.api.tesco.com/v2/media/ghs/c9c2e35b-bcce-4c07-95c8-6f6542999888/snapshotimagehandler_1733013973.jpeg?h=225&w=225
Tesco Swede Each,€0.95,,€0.95/each,https://www.tesco.ie/groceries/en-IE/products/290070426,https://digitalcontent.api.tesco.com/v2/media/ghs/869333c8-3dff-4fa4-b159-ef72a2076895/snapshotimagehandler_1495877137.jpeg?h=225&w=225
Tesco Brussels Sprouts 500G,Currently out of stock,,,https://www.tesco.ie/groceries/en-IE/products/253556507,https://digitalcontent.api.tesco.com/v2/media/ghs/d077a694-9163-48e8-81d7-596a9bfd1cd0/snapshotimagehandler_580554.jpeg?h=225&w=225
Tesco Family Pack Carrots 2Kg,€2.15,,€1.08/kg,https://www.tesco.ie/groceries/en-IE/products/259890873,https://digitalcontent.api.tesco.com/v2/media/ghs/f1588d27-ed47-464b-9173-210f6c73a2ed/snapshotimagehandler_1447930685.jpeg?h=225&w=225
Tesco Organic Potatoes 2Kg,€2.79,,€1.40/kg,https://www.tesco.ie/groceries/en-IE/products/292140312,https://digitalcontent.api.tesco.com/v2/media/ghs/eacb2536-c810-4dc8-a4f4-de60827820d1/snapshotimagehandler_1259478747.jpeg?h=225&w=225
Tesco Ginger 100g,€0.65,,€6.50/kg,https://www.tesco.ie/groceries/en-IE/products/314931777,https://digitalcontent.api.tesco.com/v2/media/ghs/943773e6-bfa6-4a38-b76e-a641c69a8f07/8580c908-157a-401d-953f-f17b4c1e455e.jpeg?h=225&w=225
Tesco Garlic 4 Pack,€0.99,,€0.25/each,https://www.tesco.ie/groceries/en-IE/products/285392755,https://digitalcontent.api.tesco.com/v2/media/ghs/5c2062ea-401d-422d-a854-0607d8cc26b5/snapshotimagehandler_957755484.jpeg?h=225&w=225
Tesco Sugar Snap Peas 150G,€0.79,,€5.27/kg,https://www.tesco.ie/groceries/en-IE/products/293953011,https://digitalcontent.api.tesco.com/v2/media/ghs/7d999a88-18ef-47dd-863c-f3419db53b63/snapshotimagehandler_1758620577.jpeg?h=225&w=225
Tesco Butternut Squash Each,€0.99,,€0.99/each,https://www.tesco.ie/groceries/en-IE/products/277492902,https://digitalcontent.api.tesco.com/v2/media/ghs/95bd5540-f3cb-4ee5-91e9-ffbc00dd7668/33563cb2-a9a4-4e88-b67e-cccfcd64a27b.jpeg?h=225&w=225
Tesco Aubergine Each,€0.79,,€0.79/each,https://www.tesco.ie/groceries/en-IE/products/266344796,https://digitalcontent.api.tesco.com/v2/media/ghs/88eba258-c650-4232-9975-8d4442912c81/b2f9fe3d-f175-4b7c-bb6d-860fd029dafa.jpeg?h=225&w=225
Tesco Spinach 350G,€1.82,,€5.20/kg,https://www.tesco.ie/groceries/en-IE/products/305954343,https://digitalcontent.api.tesco.com/v2/media/ghs/58e0084c-bead-4143-8454-3777ee643b9f/snapshotimagehandler_211632231.jpeg?h=225&w=225
Tesco Brown Onions Loose,€0.61,,€2.89/kg,https://www.tesco.ie/groceries/en-IE/products/253557034,https://digitalcontent.api.tesco.com/v2/media/ghs/4155134b-a275-4935-a596-8298d3c8b5e5/ff036778-d4ab-4cf6-b801-a6576a2f45aa.jpeg?h=225&w=225
Tesco Cauliflower Each,Currently out of stock,,,https://www.tesco.ie/groceries/en-IE/products/253558119,https://digitalcontent.api.tesco.com/v2/media/ghs/13af8708-a135-4f5f-bcce-82a37226aa48/1c665ca3-8d5a-4d42-9330-3a65e33c5d94_1257284552.jpeg?h=225&w=225
Tesco Irish Closed Cup Mushrooms 400G,€1.39,,€3.48/kg,https://www.tesco.ie/groceries/en-IE/products/312704439,https://digitalcontent.api.tesco.com/v2/media/ghs/dc7239b1-d82b-405d-853a-dadbdcc1910c/3974dbd0-1cb8-48d3-baba-91e93fa40d39_1111755653.jpeg?h=225&w=225
Farm Select Tender Stem Broccoli 200G,€1.79,,€8.95/kg,https://www.tesco.ie/groceries/en-IE/products/311675399,https://digitalcontent.api.tesco.com/v2/media/ghs/0c87310b-8b48-4e30-ae59-88790174fdc0/8bbf77cb-e063-4f23-9676-2d52656ee70a_825043060.jpeg?h=225&w=225
Gilfresh Carrot Battons 500G,€1.59,,€3.18/kg,https://www.tesco.ie/groceries/en-IE/products/311425892,https://digitalcontent.api.tesco.com/v2/media/ghs/ec456682-a787-40cc-9ee4-038ca9bd21a1/1a27f564-54b4-4d46-9604-e299460a6b5f_885744481.jpeg?h=225&w=225
Tesco Organic Brown Onions 750G,€1.09,,€1.45/kg,https://www.tesco.ie/groceries/en-IE/products/268597343,https://digitalcontent.api.tesco.com/v2/media/ghs/6077b321-294c-4c71-8350-80f98fbb9caf/a2fd65e5-5a3f-43ab-8ce2-1ff4b6ca10ae.jpeg?h=225&w=225
Tesco Red Onions 3 Pack,€1.29,,€0.43/each,https://www.tesco.ie/groceries/en-IE/products/255798724,https://digitalcontent.api.tesco.com/v2/media/ghs/3ceade6e-5a9f-4df9-9934-e4f4feb6adaa/snapshotimagehandler_417773420.jpeg?h=225&w=225
Tesco Baby Corn 130G,€0.99,,€7.62/kg,https://www.tesco.ie/groceries/en-IE/products/293953719,https://digitalcontent.api.tesco.com/v2/media/ghs/c2f6d925-3fc6-45bf-8ed5-07948b01addf/208f04b9-a4be-4cf0-9609-a22d170d60c2.jpeg?h=225&w=225
Tesco Finest Potatoes 2.5Kg,€5.20,,€2.08/kg,https://www.tesco.ie/groceries/en-IE/products/288406673,https://digitalcontent.api.tesco.com/v2/media/ghs/52997ac1-995b-4707-b6d3-b7088f28620b/98b44cbd-d52c-4312-aa88-645f93ec2566_1150102858.jpeg?h=225&w=225
Tesco 4 Pack Baker Potatoes 750G,€2.99,,€3.99/kg,https://www.tesco.ie/groceries/en-IE/products/290137994,https://digitalcontent.api.tesco.com/v2/media/ghs/15f95c13-c2a9-4815-9039-ed1f9b367d38/snapshotimagehandler_1578352310.jpeg?h=225&w=225
Tesco White Potatoes 2Kg,€3.29,,€1.64/kg,https://www.tesco.ie/groceries/en-IE/products/292139885,https://digitalcontent.api.tesco.com/v2/media/ghs/34d8748e-fbba-48ae-ae13-37a1dc8a21c7/snapshotimagehandler_1742943574.jpeg?h=225&w=225
Tesco Sweetheart Cabbage Each,€1.89,,€1.89/each,https://www.tesco.ie/groceries/en-IE/products/254941983,https://digitalcontent.api.tesco.com/v2/media/ghs/adbdcf62-9bcb-4827-a590-692ab4af2b4b/4b20e533-7892-4938-833a-b9e1487b231f.jpeg?h=225&w=225
Farm Select Fine Beans Topped & Tailed 200G,€1.59,,€7.95/kg,https://www.tesco.ie/groceries/en-IE/products/311670370,https://digitalcontent.api.tesco.com/v2/media/ghs/6a1c66a2-c923-4ef2-8333-02bbee14c72f/b770d265-afdf-4268-b0cb-70cebb12e3d2_2054526693.jpeg?h=225&w=225
Tesco Finest Baby Potatoes 1Kg,€1.89,,€1.89/kg,https://www.tesco.ie/groceries/en-IE/products/264671895,https://digitalcontent.api.tesco.com/v2/media/ghs/ed671840-3cf2-4736-81ea-64275af18e2c/816615d5-9b2e-42b7-8340-4e5799075324_679323962.jpeg?h=225&w=225
Tesco Savoy Cabbage Each,€1.69,,€1.69/each,https://www.tesco.ie/groceries/en-IE/products/255838396,https://digitalcontent.api.tesco.com/v2/media/ghs/008a89c7-bbd2-4523-9647-bbe2b2c04672/48af8fcf-255a-4f95-9bc8-1a8a8428dcd8.jpeg?h=225&w=225
Tesco Red Chillies 60G,€1.09,,€18.17/kg,https://www.tesco.ie/groceries/en-IE/products/256339363,https://digitalcontent.api.tesco.com/v2/media/ghs/2bb3f20b-d0d1-4a2f-99f6-98bba2ad1a74/a77c13e7-23af-458c-ab10-a1557ec9c4bb.jpeg?h=225&w=225
Tesco Finest Irish Brussel Sprouts 500G,€1.79,,€3.58/kg,https://www.tesco.ie/groceries/en-IE/products/312570291,https://digitalcontent.api.tesco.com/v2/media/ghs/0472f67a-e134-4464-b713-3b5e44dcacaf/5fbd9f43-3c06-4ea1-add2-132f43fc9d69_1196539597.jpeg?h=225&w=225
Tesco Curly Kale 206G,€1.39,,€6.75/kg,https://www.tesco.ie/groceries/en-IE/products/252167192,https://digitalcontent.api.tesco.com/v2/media/ghs/31ec20ad-ac77-478e-845b-b17844bf7719/35836968-2079-4f0b-8ae1-b04889814686_1747732386.jpeg?h=225&w=225
Tesco Mangetout 150G,€0.79,,€5.27/kg,https://www.tesco.ie/groceries/en-IE/products/293952968,https://digitalcontent.api.tesco.com/v2/media/ghs/8d16064d-9bdd-491b-985e-d20af63ef3d8/ac6d92d6-e71b-4697-8709-b203af5a10d5_294208375.jpeg?h=225&w=225
Rooster Potatoes Loose,€0.73,,€2.59/kg,https://www.tesco.ie/groceries/en-IE/products/250061475,https://digitalcontent.api.tesco.com/v2/media/ghs/95f21a64-79f8-4e3e-acbe-4458f29d79b0/snapshotimagehandler_1359793486.jpeg?h=225&w=225
Tesco Sweet Potato Bakers,€2.29,,€2.29/each,https://www.tesco.ie/groceries/en-IE/products/303731846,https://digitalcontent.api.tesco.com/v2/media/ghs/2fb4a8c4-d486-43ff-9119-846e2003b8f6/snapshotimagehandler_1638852925.jpeg?h=225&w=225
Tesco Mixed Chillies 65G,€0.70,,€10.77/kg,https://www.tesco.ie/groceries/en-IE/products/262453391,https://digitalcontent.api.tesco.com/v2/media/ghs/0013b708-a532-42ae-a04e-827f4119e45a/2bc08bdf-e12e-4c4c-8554-4ecefd7b94a6.jpeg?h=225&w=225
Tesco Stir Fry Vegetable Mix 600G,€1.90,,€3.17/kg,https://www.tesco.ie/groceries/en-IE/products/297186584,https://digitalcontent.api.tesco.com/v2/media/ghs/e875a3d7-0ed0-401f-9d13-b5ed9dfe40cd/96240bf0-eaa0-49b1-bb22-7d9476195cb8.jpeg?h=225&w=225
Tesco Shallots 300G,€1.29,,€4.30/kg,https://www.tesco.ie/groceries/en-IE/products/309179966,https://digitalcontent.api.tesco.com/v2/media/ghs/0b2c0e01-8f6b-4091-84fc-70bbde6968d2/b89513c7-37fc-410c-805b-7032f4632ff6_809654868.jpeg?h=225&w=225
Farm Select Organic Tender Stem Broccoli 200G,€2.19,,€10.95/kg,https://www.tesco.ie/groceries/en-IE/products/311208737,https://digitalcontent.api.tesco.com/v2/media/ghs/d69caf01-0534-4c18-af8c-05f436ebe9c4/80bbdbce-3e6c-46cb-beb9-f0ac5f4b0a84_385787035.jpeg?h=225&w=225
Farm Select Asparagus Tips 125G,Currently out of stock,,,https://www.tesco.ie/groceries/en-IE/products/311217862,https://digitalcontent.api.tesco.com/v2/media/ghs/0076665e-b146-426c-9ddd-14231b3dd270/7b1dd75e-2ba3-409d-b819-6abd9d2e5ba7_73237794.jpeg?h=225&w=225
Tesco Leeks Each,€0.99,,€0.99/each,https://www.tesco.ie/groceries/en-IE/products/268416392,https://digitalcontent.api.tesco.com/v2/media/ghs/bfa5cd72-23d6-4177-9f48-57aeb6e4bace/snapshotimagehandler_1861458589.jpeg?h=225&w=225
Tesco Butternut Squash 300G,€1.80,,€6.00/kg,https://www.tesco.ie/groceries/en-IE/products/273592358,https://digitalcontent.api.tesco.com/v2/media/ghs/2031fd2c-0c55-4bb8-8e9d-02f6b64b5c16/snapshotimagehandler_1023972600.jpeg?h=225&w=225
Gilfresh Broccoli Cauliflower And Carrot 350G,€2.00,,€5.71/kg,https://www.tesco.ie/groceries/en-IE/products/312084169,https://digitalcontent.api.tesco.com/v2/media/ghs/b1f061dc-4261-4f75-be83-f13817c11eba/26fcf199-c43b-4d7c-9f12-9086efd9de0e_919058983.jpeg?h=225&w=225
Farm Select Asparagus Bundles 250G,Currently out of stock,,,https://www.tesco.ie/groceries/en-IE/products/311693636,https://digitalcontent.api.tesco.com/v2/media/ghs/60bb0e21-194e-41a8-9eb4-4743dad0ecd5/d1973cda-a2f3-43cd-965f-00d483ef96be_302812886.jpeg?h=225&w=225
Farm Select Green Beans 220G,€1.09,,€4.96/kg,https://www.tesco.ie/groceries/en-IE/products/311441100,https://digitalcontent.api.tesco.com/v2/media/ghs/55d4b30f-afd5-49f0-adc0-1cd2730bc681/b5406477-9416-4567-ae2c-735d463c8e54_190654058.jpeg?h=225&w=225
Tesco Breakfast Flat Mushrooms 250G,€1.05,,€4.20/kg,https://www.tesco.ie/groceries/en-IE/products/283440086,https://digitalcontent.api.tesco.com/v2/media/ghs/804b15c1-9501-4a6b-8cd8-1cf72a1e676d/snapshotimagehandler_429698740.jpeg?h=225&w=225
Hughes Farming Carrot And Parsnip Tray 750G,€2.39,,€3.19/kg,https://www.tesco.ie/groceries/en-IE/products/310121694,https://digitalcontent.api.tesco.com/v2/media/ghs/eefb2b5d-0829-4529-99eb-020e9abb8de4/f0503711-692f-40a9-bf39-b68755ecd1de_1743423831.jpeg?h=225&w=225
Tesco Green Cabbage Each,€1.20,,€1.20/each,https://www.tesco.ie/groceries/en-IE/products/253382096,https://digitalcontent.api.tesco.com/v2/media/ghs/ec5b6550-c4a6-499e-a2ec-fb1401d454a0/snapshotimagehandler_819610314.jpeg?h=225&w=225
Total Organics Organic Broccoli 400G,€2.09,,€5.22/kg,https://www.tesco.ie/groceries/en-IE/products/306806155,https://digitalcontent.api.tesco.com/v2/media/ghs/0ad323b8-bea4-45c6-be60-0b7129d7f5d2/snapshotimagehandler_1121083558.jpeg?h=225&w=225
Tesco Large Spring Onions Bunched 130G,€1.59,,€12.23/kg,https://www.tesco.ie/groceries/en-IE/products/281054492,https://digitalcontent.api.tesco.com/v2/media/ghs/ccd0f046-8c7d-46a6-9dde-4335ef00da39/ec6425ee-b14c-4016-978b-8047a97bbd74.jpeg?h=225&w=225
Tesco Sweetcorn Cobettes 4 Pack,€1.99,,€0.50/each,https://www.tesco.ie/groceries/en-IE/products/251788587,https://digitalcontent.api.tesco.com/v2/media/ghs/15d5fc85-3e00-4a57-9747-8fe6187e8797/f82822a2-653c-47ee-85b5-c1040b03a7e5.jpeg?h=225&w=225
Total Organics Organic Spinach 200G,€2.79,,€13.95/kg,https://www.tesco.ie/groceries/en-IE/products/307150605,https://digitalcontent.api.tesco.com/v2/media/ghs/f0995dcc-cb87-40a8-81c9-e5d9162677df/snapshotimagehandler_979820408.jpeg?h=225&w=225
Tesco Pak Choi 250G,€1.39,,€5.56/kg,https://www.tesco.ie/groceries/en-IE/products/252895723,https://digitalcontent.api.tesco.com/v2/media/ghs/fe98394e-c9a9-4c86-b5fd-a4cef10d7cca/1f13b1f6-dec0-4348-a4b1-e7f8cca411e7.jpeg?h=225&w=225
Tesco Cooked Beetroot Vacuum Pack 500G,€0.59,,€1.18/kg,https://www.tesco.ie/groceries/en-IE/products/299623577,https://digitalcontent.api.tesco.com/v2/media/ghs/414e4989-37e6-4cc8-9bc1-dffd196f2fb2/snapshotimagehandler_222243892.jpeg?h=225&w=225
Triple Swede Pack,€1.19,,€1.19/each,https://www.tesco.ie/groceries/en-IE/products/252059579,https://digitalcontent.api.tesco.com/v2/media/ghs/7fefd4f4-af62-45d5-bc46-e24716a77dc2/snapshotimagehandler_1549763739.jpeg?h=225&w=225
Tesco Finest Sweet & Fiery Beetroot 180G,€2.00,,€11.11/kg,https://www.tesco.ie/groceries/en-IE/products/310173205,https://digitalcontent.api.tesco.com/v2/media/ghs/1b75bfd3-a03b-45ed-aeeb-d2951cec8879/936c3698-9776-4808-b5c0-c0fb461620de.jpeg?h=225&w=225
Tesco Organic Chestnut Mushrooms 200G,€1.49,,€7.45/kg,https://www.tesco.ie/groceries/en-IE/products/297115548,https://digitalcontent.api.tesco.com/v2/media/ghs/3a63d749-21d0-4ffb-9998-bc4c96b9ca72/snapshotimagehandler_485604985.jpeg?h=225&w=225
Country Crest Microwave Maris Piper Potatoes 1Kg,€2.19,,€2.19/kg,https://www.tesco.ie/groceries/en-IE/products/307149251,https://digitalcontent.api.tesco.com/v2/media/ghs/4495c50c-aa36-4d96-88ed-df88cbbf968e/snapshotimagehandler_1246757934.jpeg?h=225&w=225
Tesco Kerrs Pinks 2Kg,€3.29,,€1.64/kg,https://www.tesco.ie/groceries/en-IE/products/294286453,https://digitalcontent.api.tesco.com/v2/media/ghs/4573cc04-1910-4e90-a0f9-b932e6ee58ae/snapshotimagehandler_1558904984.jpeg?h=225&w=225
Gilfresh Freshly Cut Soup Vegetables 320G,€2.00,,€6.25/kg,https://www.tesco.ie/groceries/en-IE/products/312090052,https://digitalcontent.api.tesco.com/v2/media/ghs/4ba01c88-01fd-4f62-ae0c-70a74612e29c/fce993a8-8990-4054-8adb-a8dccb400c85_1974807017.jpeg?h=225&w=225
Farm Select Fresh Ginger 150G,€1.09,,€7.27/kg,https://www.tesco.ie/groceries/en-IE/products/311207471,https://digitalcontent.api.tesco.com/v2/media/ghs/4a6d0d61-5a8f-4b3e-8a06-cd37a56007d6/7db31906-f20d-427c-ad51-9295c7e2a8fd_1200567991.jpeg?h=225&w=225
Total Organics Organic Courgettes 500G,€2.25,,€4.50/kg,https://www.tesco.ie/groceries/en-IE/products/309495620,https://digitalcontent.api.tesco.com/v2/media/ghs/e4b48cb1-10db-494f-9b8d-c5d71d081981/f9aa9dd3-5e2f-4ff3-aca4-476c9e1d3030_1660032573.jpeg?h=225&w=225
Tesco Egg Noodles 300G,€1.31,,€4.37/kg,https://www.tesco.ie/groceries/en-IE/products/262726489,https://digitalcontent.api.tesco.com/v2/media/ghs/0167db90-0d86-44f5-a09e-d54e4300e856/9ee6ec8c-98c8-4627-982f-c5b67b1d7649_139011269.jpeg?h=225&w=225
Farm Select Baby Corn 130G,€1.09,,€8.38/kg,https://www.tesco.ie/groceries/en-IE/products/311224790,https://digitalcontent.api.tesco.com/v2/media/ghs/3ee9f80c-533e-4e33-b393-ef05846434f3/6dbf34f6-08c5-4ffc-9728-61969e8b8571_172779018.jpeg?h=225&w=225
Tesco Red cabbage 1pce,€1.15,,€1.15/each,https://www.tesco.ie/groceries/en-IE/products/315380574,https://digitalcontent.api.tesco.com/v2/media/ghs-mktg/b0b04216-fa73-466d-a9d7-c9fcfa1ce9b3/no-image.jpeg
Donnelly Fajita Mix 400G,€2.00,,€5.00/kg,https://www.tesco.ie/groceries/en-IE/products/311796287,https://digitalcontent.api.tesco.com/v2/media/ghs/3ea6c1ce-c094-4e9e-9810-aad2537c61a0/d0c59e0d-361f-4223-ac74-3408ed4c5c6c_1085131203.jpeg?h=225&w=225
Country Crest Rooster Potatoes Microwavable 1Kg,€1.99,,€1.99/kg,https://www.tesco.ie/groceries/en-IE/products/307137386,https://digitalcontent.api.tesco.com/v2/media/ghs/4ae6c739-c378-4954-ba41-064ec7440646/snapshotimagehandler_348009204.jpeg?h=225&w=225
Tesco Potato Mash Balls 360G,€2.00,,€5.56/kg,https://www.tesco.ie/groceries/en-IE/products/300726702,https://digitalcontent.api.tesco.com/v2/media/ghs/9d13b71c-5e88-44af-b0d2-9934d0d4e919/snapshotimagehandler_519455140.jpeg?h=225&w=225
Tesco Corn On The Cob Twinpack,Currently out of stock,,,https://www.tesco.ie/groceries/en-IE/products/253555825,https://digitalcontent.api.tesco.com/v2/media/ghs/6dbdf35c-af35-4a25-bd75-e497c34bf340/746c2417-2482-45b1-b7ac-3ff4e43be3bf.jpeg?h=225&w=225
Tesco Finest Extra Fine Beans 200G,Currently out of stock,,,https://www.tesco.ie/groceries/en-IE/products/305041628,https://digitalcontent.api.tesco.com/v2/media/ghs/23ceb8cf-a9c9-409a-a834-2d59e333a52f/5abca1f9-3ee5-472e-976c-901494976c5c.jpeg?h=225&w=225
Farm Select Tstem Broccoli And Green Beans 400G,€2.49,,€6.22/kg,https://www.tesco.ie/groceries/en-IE/products/311261036,https://digitalcontent.api.tesco.com/v2/media/ghs/52b2eb7a-9b31-437c-af6d-46c780636b30/f923f190-098e-4d33-839d-cc9346d1414d_1567778366.jpeg?h=225&w=225
Tesco Loose Sweet Potato,€1.09,,€1.09/each,https://www.tesco.ie/groceries/en-IE/products/298005389,https://digitalcontent.api.tesco.com/v2/media/ghs-mktg/b0b04216-fa73-466d-a9d7-c9fcfa1ce9b3/no-image.jpeg
Tesco Kerr Pinks 5Kg,€6.49,,€1.30/kg,https://www.tesco.ie/groceries/en-IE/products/305008773,https://digitalcontent.api.tesco.com/v2/media/ghs/019cdb3a-f18d-4699-a797-e747e66498fb/snapshotimagehandler_1308413948.jpeg?h=225&w=225
Tescocarrot And Parsnip Mash Balls 420G,€2.00,,€4.76/kg,https://www.tesco.ie/groceries/en-IE/products/300724572,https://digitalcontent.api.tesco.com/v2/media/ghs/c42aa62a-775e-43fb-9589-ce6c8537c0e2/snapshotimagehandler_619581797.jpeg?h=225&w=225
Total Organics Organic Kale 200G,€2.15,,€10.75/kg,https://www.tesco.ie/groceries/en-IE/products/307139551,https://digitalcontent.api.tesco.com/v2/media/ghs/1463d90c-877c-4565-9865-a86e9507453c/snapshotimagehandler_1977098971.jpeg?h=225&w=225
Farm Select Mixed Chillies 65G,€1.09,,€16.77/kg,https://www.tesco.ie/groceries/en-IE/products/311229485,https://digitalcontent.api.tesco.com/v2/media/ghs/3f28ed1d-b9d3-4344-b8c2-0bd92d2eefbd/535d8347-fba1-4ef1-85c3-e0de9e21394b_196514871.jpeg?h=225&w=225
Tesco Baby Potatoes With Garlic And Herb Butter 400G,€2.00,,€5.00/kg,https://www.tesco.ie/groceries/en-IE/products/308476731,https://digitalcontent.api.tesco.com/v2/media/ghs/ab1b7538-1dff-4b4e-b5da-ed533238164d/c28bdbfe-a184-4833-a6fe-faf5885aa896_938469444.jpeg?h=225&w=225
Bunched Carrots 500G,€2.49,,€3.32/kg,https://www.tesco.ie/groceries/en-IE/products/253806846,https://digitalcontent.api.tesco.com/v2/media/ghs/5dbe00cf-47c5-48db-92ea-5354e4c50dbf/snapshotimagehandler_1015852567.jpeg?h=225&w=225
Farm Select Snack Carrots 200G,€1.09,79c Clubcard Price,€5.45/kg,https://www.tesco.ie/groceries/en-IE/products/312221532,https://digitalcontent.api.tesco.com/v2/media/ghs/2256a1b9-d24a-4dad-8f9c-6e9524fc129e/91b42a34-4a84-4fd1-a393-edbb6c613c36_1536969865.jpeg?h=225&w=225
Tesco Organic Red Onions,€1.89,,€3.78/kg,https://www.tesco.ie/groceries/en-IE/products/254932061,https://digitalcontent.api.tesco.com/v2/media/ghs/468205c5-194e-498a-91ff-01610ec1cdc9/42f45a22-8b1e-42ad-9bbd-b34d0ebd40b7.jpeg?h=225&w=225
Total Organics Organic Cauliflower,€3.09,,€3.09/each,https://www.tesco.ie/groceries/en-IE/products/306815207,https://digitalcontent.api.tesco.com/v2/media/ghs/b637a3ce-10bb-4f51-8d2e-f6faa6ccd506/snapshotimagehandler_1943870666.jpeg?h=225&w=225
Total Organics Organic Butternut Squash,€2.15,,€2.15/each,https://www.tesco.ie/groceries/en-IE/products/306808648,https://digitalcontent.api.tesco.com/v2/media/ghs/3cb598ed-267d-47bd-91fa-66e4a5233bf1/snapshotimagehandler_338235374.jpeg?h=225&w=225
The Mighty Mushroom Co Vitamin D White Mushroom 250G,€1.09,,€4.36/kg,https://www.tesco.ie/groceries/en-IE/products/312348526,https://digitalcontent.api.tesco.com/v2/media/ghs/412843a2-633b-4b32-bbeb-2b9329c0a555/093c49bc-8d5c-4e8b-9668-f2ae124361ce_701867088.jpeg?h=225&w=225
You Say Potato Fresh Cut Chips 1Kg,€2.00,,€2.00/kg,https://www.tesco.ie/groceries/en-IE/products/296457860,https://digitalcontent.api.tesco.com/v2/media/ghs/72485fe5-0285-4da2-82f6-59a9239d199a/8be7665b-8e85-4104-ad51-f29e5663f049.jpeg?h=225&w=225
Farm Select Stir Fry Medley 220G,€1.99,,€9.04/kg,https://www.tesco.ie/groceries/en-IE/products/311685911,https://digitalcontent.api.tesco.com/v2/media/ghs/72e98a45-c97d-4703-bf25-4056afacfd4e/35a90877-e142-44e2-b90a-c5fa280dfb13_608270095.jpeg?h=225&w=225
Tesco Bean Sprouts 335G,€2.00,,€5.97/kg,https://www.tesco.ie/groceries/en-IE/products/283170883,https://digitalcontent.api.tesco.com/v2/media/ghs/aad2b501-2817-453e-a756-bf2f7fa13e99/6d0bc82f-ff45-4a8d-b7a4-179e9b9b3596_1083431665.jpeg?h=225&w=225
Gilfresh Broccoli Florets 250G,€2.00,,€8.00/kg,https://www.tesco.ie/groceries/en-IE/products/311784172,https://digitalcontent.api.tesco.com/v2/media/ghs/7e690162-d76c-49bc-bd36-6ccaa63f9664/6481a9a0-67df-46f1-97a3-362ed377531d_432344038.jpeg?h=225&w=225
Tesco Finest Sweet Onion 3 Pack Minimum 385G,€1.79,,€4.65/kg,https://www.tesco.ie/groceries/en-IE/products/282649089,https://digitalcontent.api.tesco.com/v2/media/ghs/c30e40e7-04bc-464f-81a9-0860040928c0/06783b45-a765-4d7b-a6e8-ee4d2cb0759c_684049620.jpeg?h=225&w=225
Tesco Organic Mushrooms 200G,€1.39,,€6.95/kg,https://www.tesco.ie/groceries/en-IE/products/274077909,https://digitalcontent.api.tesco.com/v2/media/ghs/ae3df7b2-ea62-4da8-8d8b-3f72484c7c1a/ea38c06e-243a-44e6-bc83-94e328a6359a_2014292004.jpeg?h=225&w=225
Tesco Garlic Loose,€0.39,,€0.39/each,https://www.tesco.ie/groceries/en-IE/products/285399759,https://digitalcontent.api.tesco.com/v2/media/ghs-mktg/b0b04216-fa73-466d-a9d7-c9fcfa1ce9b3/no-image.jpeg
Tesco Finger Chillies 80G,€1.09,,€13.62/kg,https://www.tesco.ie/groceries/en-IE/products/253194105,https://digitalcontent.api.tesco.com/v2/media/ghs/e9534fd7-f1bd-4ada-93b8-d50f30879dce/9d9f5ba7-dc09-4aa5-9d87-81f5b12cbbe9.jpeg?h=225&w=225
Good4u Super Sprouts 60G,€1.79,Any 2 for €3 Clubcard Price - Selected Tesco Salad 60g-180g,€29.83/kg,https://www.tesco.ie/groceries/en-IE/products/274157683,https://digitalcontent.api.tesco.com/v2/media/ghs/acca526b-6a4a-43e1-8b0c-b01f35fc4a99/snapshotimagehandler_621963420.jpeg?h=225&w=225
Donnelly Chinese Inspired Stir Fry 300G,€2.00,,€6.67/kg,https://www.tesco.ie/groceries/en-IE/products/311678684,https://digitalcontent.api.tesco.com/v2/media/ghs/cfcae957-34cd-4352-9004-41096a612552/bdc60a53-9182-4077-826f-b51b1238cb7c_1924550819.jpeg?h=225&w=225
Tesco Celeriac,€1.30,,€1.30/each,https://www.tesco.ie/groceries/en-IE/products/292973645,https://digitalcontent.api.tesco.com/v2/media/ghs/289600d7-a2cd-489c-b735-85b24a042952/snapshotimagehandler_1539125461.jpeg?h=225&w=225
Tesco White cabbage 1pce,€1.15,,€1.15/each,https://www.tesco.ie/groceries/en-IE/products/315344217,https://digitalcontent.api.tesco.com/v2/media/ghs-mktg/b0b04216-fa73-466d-a9d7-c9fcfa1ce9b3/no-image.jpeg
Tesco Cauliflower Extra Large Eac,Currently out of stock,,,https://www.tesco.ie/groceries/en-IE/products/254973708,https://digitalcontent.api.tesco.com/v2/media/ghs/3bfbc820-58a0-4e51-925f-278a3aa0c8d4/a9b90db8-db81-4b0c-ae49-11b06f403491_577082919.jpeg?h=225&w=225
Total Organics Organic Carrots 700G,€1.55,,€2.21/kg,https://www.tesco.ie/groceries/en-IE/products/307152091,https://digitalcontent.api.tesco.com/v2/media/ghs/7494ab38-264c-4dbd-8ca9-0c89e0e8b988/snapshotimagehandler_1936107657.jpeg?h=225&w=225
Total Organics Organic Garlic 2 Pack,€2.09,,€1.04/each,https://www.tesco.ie/groceries/en-IE/products/308864963,https://digitalcontent.api.tesco.com/v2/media/ghs/1296034d-5995-4736-9a1b-c7d1d8777a36/22970465-e46d-47af-bb73-d2703e622017_1186084274.jpeg?h=225&w=225
Tesco Rosemary Potatoes 500G,€2.00,,€4.00/kg,https://www.tesco.ie/groceries/en-IE/products/292843500,https://digitalcontent.api.tesco.com/v2/media/ghs/684a1224-ac88-4384-908d-757125235cfc/snapshotimagehandler_1671601768.jpeg?h=225&w=225
Mixed Onion Shallot And Garlic 500G,€1.99,,€3.98/kg,https://www.tesco.ie/groceries/en-IE/products/305688773,https://digitalcontent.api.tesco.com/v2/media/ghs/36768b3f-7937-458a-a963-2a13df0d992c/snapshotimagehandler_940870840.jpeg?h=225&w=225
Farm Select Mangetout And Baby Corn 175G,€1.99,,€11.37/kg,https://www.tesco.ie/groceries/en-IE/products/311433916,https://digitalcontent.api.tesco.com/v2/media/ghs/3f3544c9-d8fc-4c07-a9ec-41e4bad9ecbb/06f4f22e-9b0b-4a03-8921-4b14ec4a960a_255765911.jpeg?h=225&w=225
Tesco Chef Vegetable Selection 350G,€2.20,,€6.29/kg,https://www.tesco.ie/groceries/en-IE/products/273592410,https://digitalcontent.api.tesco.com/v2/media/ghs/35bb18a9-1846-45df-9111-583af71b33db/39ef72fc-ac51-4eb9-9c50-4492a155b030_1139736741.jpeg?h=225&w=225
Total Organics Organic Parsnips 500G,€3.00,,€6.00/kg,https://www.tesco.ie/groceries/en-IE/products/306808199,https://digitalcontent.api.tesco.com/v2/media/ghs/cc69431b-10f7-44d4-afbb-69ad7eafe125/snapshotimagehandler_1605524277.jpeg?h=225&w=225
Love Beets Smokey Shred Beetroot 180G,€1.39,,€7.72/kg,https://www.tesco.ie/groceries/en-IE/products/299917300,https://digitalcontent.api.tesco.com/v2/media/ghs/73f06d9e-208e-485f-9a8e-d2660a717637/34f7a894-e672-47a1-98f8-5b2926a6905b.jpeg?h=225&w=225
Tesco Finest Irish Shiitake Mushrooms 100G,€3.09,,€30.90/kg,https://www.tesco.ie/groceries/en-IE/products/312082534,https://digitalcontent.api.tesco.com/v2/media/ghs/4e1da857-58ef-40f7-b353-73a95b70f2df/5241ac22-84f8-4308-8de5-8ab6d8fe4b0d_697789931.jpeg?h=225&w=225
Tesco Diced Onion 150G,€1.20,,€8.00/kg,https://www.tesco.ie/groceries/en-IE/products/298024988,https://digitalcontent.api.tesco.com/v2/media/ghs/02d5437e-6e9e-429e-8a90-c403bac54b5d/257a3691-b14d-46f7-af81-5e0831e71a92_1723645471.jpeg?h=225&w=225
The Mighty Mushroom Co Vitamin D Chestnut 250G,€1.19,,€4.76/kg,https://www.tesco.ie/groceries/en-IE/products/312213513,https://digitalcontent.api.tesco.com/v2/media/ghs/c5c20573-133f-43de-ac0d-af68f722361d/8f90a3c4-7e0e-445b-90d3-d3cf5663c41f_701663493.jpeg?h=225&w=225
Tesco Carrots & Parsnips 750g,€1.05,,€1.40/kg,https://www.tesco.ie/groceries/en-IE/products/314415559,https://digitalcontent.api.tesco.com/v2/media/ghs-mktg/b0b04216-fa73-466d-a9d7-c9fcfa1ce9b3/no-image.jpeg
Total Organics Organic Vegetables Beetroot 500G,€2.09,,€4.18/kg,https://www.tesco.ie/groceries/en-IE/products/306827049,https://digitalcontent.api.tesco.com/v2/media/ghs/8b4af0c9-7c4b-41a8-881b-471caae97f12/snapshotimagehandler_1812934213.jpeg?h=225&w=225
Tesco Sweet Potato Wedges 450G,€2.00,,€4.44/kg,https://www.tesco.ie/groceries/en-IE/products/292843546,https://digitalcontent.api.tesco.com/v2/media/ghs/608a2cde-0794-4a19-92e3-5cc61356ad4c/snapshotimagehandler_823518999.jpeg?h=225&w=225
Tesco Portobello Mushrooms 250G (C),€1.65,,€6.60/kg,https://www.tesco.ie/groceries/en-IE/products/259119227,https://digitalcontent.api.tesco.com/v2/media/ghs/bda3fd02-0b48-4b74-9dfd-29b186345941/snapshotimagehandler_259245346.jpeg?h=225&w=225
Hughes Farming Carrot 500G,€1.55,,€3.10/kg,https://www.tesco.ie/groceries/en-IE/products/312083406,https://digitalcontent.api.tesco.com/v2/media/ghs/0e859078-8268-4fcd-b2ca-3801673e9abb/84e7d5eb-b48d-428d-b6e8-60bb366cfdb1_824732039.jpeg?h=225&w=225
Itsu Brillian Broth Chicken Ramen 500Ml,€2.99,,€5.98/litre,https://www.tesco.ie/groceries/en-IE/products/315157131,https://digitalcontent.api.tesco.com/v2/media/ghs/8146ce27-d13d-490b-ab2f-0ce640e1709e/05e8ad92-9026-48bf-9971-e2dedbf23fd9_1911373269.jpeg?h=225&w=225
Gilfresh Broccoli And Cauliflower Florets 250G,€2.00,,€8.00/kg,https://www.tesco.ie/groceries/en-IE/products/311936045,https://digitalcontent.api.tesco.com/v2/media/ghs/8af55cee-86d2-4624-ae23-0041fdcf04b9/fe2571b2-ec34-4de2-bc36-bae58db88d46_1054016747.jpeg?h=225&w=225
Total Organics Organic Vacuum Packed Sweet Corn 500G,€2.65,,€5.30/kg,https://www.tesco.ie/groceries/en-IE/products/312359041,https://digitalcontent.api.tesco.com/v2/media/ghs/178a5a01-19e4-483c-9b95-5f99f948d382/fc3cab3e-77f5-4684-b67f-35a18e9808ba_1458406387.jpeg?h=225&w=225
Gilfresh Sliced Carrot 300G,€2.00,,€6.67/kg,https://www.tesco.ie/groceries/en-IE/products/312102040,https://digitalcontent.api.tesco.com/v2/media/ghs/a7ff8eba-372a-4d1d-969f-5bf47b563a97/c5d01df6-de48-497b-8f6d-4d00726557d3_2030459663.jpeg?h=225&w=225
Scotts Original Crispy Onions 75G,€2.00,,€26.67/kg,https://www.tesco.ie/groceries/en-IE/products/314427401,https://digitalcontent.api.tesco.com/v2/media/ghs/211b35a9-1a8b-4c02-bb73-f6505530e9c4/40101aab-3ddd-4da6-9231-a9a89d231222_1430841634.jpeg?h=225&w=225
Top Fennel 1 Piece,€1.59,,€1.59/each,https://www.tesco.ie/groceries/en-IE/products/311267433,https://digitalcontent.api.tesco.com/v2/media/ghs/31967e1b-8b03-4aaf-9c74-012de2e8e0b7/5b19b618-44ed-4bdd-9a72-45a5e614d923_129700862.jpeg?h=225&w=225
Onit Crispy Onions Original Flavour 95G,€2.50,,€26.32/kg,https://www.tesco.ie/groceries/en-IE/products/312712585,https://digitalcontent.api.tesco.com/v2/media/ghs/6270a9ef-7f39-4c5c-b68f-1d0e48b8b735/da5bb28a-252d-4ae4-a58a-01f79ea858d5_1646403772.jpeg?h=225&w=225
Donnelly Hot And Spicy Stir Fry 300G,€2.00,,€6.67/kg,https://www.tesco.ie/groceries/en-IE/products/311792801,https://digitalcontent.api.tesco.com/v2/media/ghs/981b568f-30ea-4c21-95d7-39f34e8d6715/b806d658-9870-4399-a663-61a1fd97f5f3_93671345.jpeg?h=225&w=225
Farm Select Mangetout 150G,€0.99,,€6.60/kg,https://www.tesco.ie/groceries/en-IE/products/311677322,https://digitalcontent.api.tesco.com/v2/media/ghs/23a91e30-18be-4d8f-bb47-8316adad75c5/08d4efa1-1f1e-4a31-8c17-837d2c910405_1585767484.jpeg?h=225&w=225
Nature's Best Corn On The Cob 530G,€2.99,,€5.64/kg,https://www.tesco.ie/groceries/en-IE/products/308854589,https://digitalcontent.api.tesco.com/v2/media/ghs/3cd2068f-8078-4caa-8002-ff6ebde8e51e/snapshotimagehandler_1055379870.jpeg?h=225&w=225
Gilfresh Vegetable Medley 350G,€2.00,,€5.71/kg,https://www.tesco.ie/groceries/en-IE/products/311947631,https://digitalcontent.api.tesco.com/v2/media/ghs/dc2173c2-f0bd-452a-9aab-36029c612d1e/f3fb37fb-b4b8-4069-b5b8-93565e061e12_1901261251.jpeg?h=225&w=225
Good4u Lentil Sprout Mix 180G,€1.79,Any 2 for €3 Clubcard Price - Selected Tesco Salad 60g-180g,€9.94/kg,https://www.tesco.ie/groceries/en-IE/products/262138062,https://digitalcontent.api.tesco.com/v2/media/ghs/aa81a356-101e-40ae-9d0a-3dff3464105d/snapshotimagehandler_1177239528.jpeg?h=225&w=225
Itsu Restaurant Ramen Original Noodles 200G,€1.99,,€9.95/kg,https://www.tesco.ie/groceries/en-IE/products/315068795,https://digitalcontent.api.tesco.com/v2/media/ghs/7dedcbd0-4892-4847-b731-5e99f3db1e5b/412fcdf3-92e4-40aa-8b57-9f0946b5f32f_753546626.jpeg?h=225&w=225
Farm Select Stringless Beans 200G,€1.59,,€7.95/kg,https://www.tesco.ie/groceries/en-IE/products/311275291,https://digitalcontent.api.tesco.com/v2/media/ghs/7d43dae8-c2d9-4425-a29f-69342c486ed0/a97aff9d-66b2-401f-9a08-3c2c8285ec77_107814187.jpeg?h=225&w=225
Farm Select Extra Hot Mixed Chillies 65G,€1.39,,€21.38/kg,https://www.tesco.ie/groceries/en-IE/products/311424075,https://digitalcontent.api.tesco.com/v2/media/ghs/03733b74-7a5d-42c5-8e21-d43e195aa570/145dc27f-62c0-40ad-b618-26984698911a_975087428.jpeg?h=225&w=225
Tesco Red Onions Loose,€0.49,,€0.49/each,https://www.tesco.ie/groceries/en-IE/products/313501263,https://digitalcontent.api.tesco.com/v2/media/ghs-mktg/b0b04216-fa73-466d-a9d7-c9fcfa1ce9b3/no-image.jpeg
You Say Potato Skinny Chips 500G,€1.79,,€3.58/kg,https://www.tesco.ie/groceries/en-IE/products/302083295,https://digitalcontent.api.tesco.com/v2/media/ghs/349f9091-1aaa-468f-86ad-0a6a59751b24/2e6becb0-bc44-42f7-943e-c4bc5a164146.jpeg?h=225&w=225
Tesco Golden Wonder 2Kg,€3.69,,€1.84/kg,https://www.tesco.ie/groceries/en-IE/products/294286840,https://digitalcontent.api.tesco.com/v2/media/ghs/f4120fa9-8681-433d-b78c-dec216b10aa5/snapshotimagehandler_1004597903.jpeg?h=225&w=225
Total Organics Organic Leeks 300G,€2.20,,€7.33/kg,https://www.tesco.ie/groceries/en-IE/products/310122094,https://digitalcontent.api.tesco.com/v2/media/ghs/57e10ecb-6e27-4c16-b5ba-37a23439c0e3/b79e097d-e5ee-498f-9b3b-ab56a2f66d39_2018671415.jpeg?h=225&w=225
Onit Crispy Onions Flame Grilled Flavour 95G,€2.50,,€26.32/kg,https://www.tesco.ie/groceries/en-IE/products/312581548,https://digitalcontent.api.tesco.com/v2/media/ghs/1b63ae3f-441f-4d9c-a50c-0909f731ee5e/596de1d1-454a-4f0c-bcb3-e679c1ab6c4f_1179892987.jpeg?h=225&w=225
Good4u Salad Topper Super Seeds 150G,€2.75,,€18.33/kg,https://www.tesco.ie/groceries/en-IE/products/306347980,https://digitalcontent.api.tesco.com/v2/media/ghs/9b0f1c39-50ea-4077-b974-5eceaff77872/snapshotimagehandler_1711923275.jpeg?h=225&w=225
Natures Best Caesar Dressing 165G,€2.49,,€15.09/kg DR.WT,https://www.tesco.ie/groceries/en-IE/products/309198724,https://digitalcontent.api.tesco.com/v2/media/ghs/7b393dc1-832c-400a-a5df-37b1df7f75d9/bc727962-ec28-45d8-9b7e-dc10f5b64196_872135646.jpeg?h=225&w=225
Tesco Vegetable Stir Fry 380G,€2.00,,€5.26/kg,https://www.tesco.ie/groceries/en-IE/products/280003776,https://digitalcontent.api.tesco.com/v2/media/ghs/31115d1a-df7c-447d-a3c9-98afd66cafae/snapshotimagehandler_1710540898.jpeg?h=225&w=225
Farm Select Sugar Snap 160G,€0.99,,€6.19/kg,https://www.tesco.ie/groceries/en-IE/products/311252387,https://digitalcontent.api.tesco.com/v2/media/ghs/c4aca50d-be49-43d8-a099-24148980a0e8/733b5a03-b135-43ed-8d1b-0160041d9107_344500403.jpeg?h=225&w=225
Tesco Mixed Pepper Stir Fry 320G,€2.20,,€6.88/kg,https://www.tesco.ie/groceries/en-IE/products/292843362,https://digitalcontent.api.tesco.com/v2/media/ghs/1b980a80-db11-4f91-a721-f683458e86e4/snapshotimagehandler_1247107402.jpeg?h=225&w=225
Insanely Good Sweet Chilli Stir Fry Sauce 180G,€1.50,,€8.33/kg,https://www.tesco.ie/groceries/en-IE/products/312093452,https://digitalcontent.api.tesco.com/v2/media/ghs/6b0dcb6d-3bff-41cb-9548-4c75b0da646d/0a312054-06ef-49e8-8962-27e067905bb5_2033672594.jpeg?h=225&w=225
Insanely Good Teriyaki Stir Fry Sauce 180G,€1.50,,€8.33/kg,https://www.tesco.ie/groceries/en-IE/products/311950298,https://digitalcontent.api.tesco.com/v2/media/ghs/54ca4233-2882-41de-9e0d-46f00c6cefb1/7fc9fffe-9997-4aa4-8e04-522cf78a19cb_939467049.jpeg?h=225&w=225
Insanely Good Chinese Style Stir Fry Sauce 180G,€1.50,,€8.33/kg,https://www.tesco.ie/groceries/en-IE/products/312088499,https://digitalcontent.api.tesco.com/v2/media/ghs/0c4c88d6-f7bf-4ea8-b5d2-eabfe80ed2a1/bce9db5f-b88f-4cb7-b7c1-e71fa5d903a6_1716159341.jpeg?h=225&w=225
Iona Farm Baby Turnips 200G,€2.59,,€12.95/kg,https://www.tesco.ie/groceries/en-IE/products/307144509,https://digitalcontent.api.tesco.com/v2/media/ghs/a7451c9a-4dc1-4176-a3f3-ece6720e163d/snapshotimagehandler_1377310420.jpeg?h=225&w=225
itsu restaurant ramen soba noodles 200g,€1.99,,€9.95/kg,https://www.tesco.ie/groceries/en-IE/products/315164364,https://digitalcontent.api.tesco.com/v2/media/ghs/bddea825-1463-4200-b8c6-efab8b601b5b/1420eb42-6107-4da0-9e91-3e0c5c92b14d_1993486495.jpeg?h=225&w=225
Insanely Good Black Bean Stir Fry Sauce 180G,€1.50,,€8.33/kg,https://www.tesco.ie/groceries/en-IE/products/312090582,https://digitalcontent.api.tesco.com/v2/media/ghs/22eb4d78-dab1-4308-b8b3-0240347f996a/9c4fc622-045c-4b1b-9466-ec629e61a71b_756658030.jpeg?h=225&w=225
Iona Farm Baby Carrots 200G,€2.59,,€12.95/kg,https://www.tesco.ie/groceries/en-IE/products/307141189,https://digitalcontent.api.tesco.com/v2/media/ghs/552e32c5-e85b-4719-bcae-ec50c9097bae/snapshotimagehandler_626749340.jpeg?h=225&w=225
Insanely Good Red Thai Curry Stir Fry Sauce 180G,€1.50,,€8.33/kg,https://www.tesco.ie/groceries/en-IE/products/312104182,https://digitalcontent.api.tesco.com/v2/media/ghs/a27ab9e0-97c8-442f-94f0-1dde60e603af/26023ad2-a0ef-4e4f-ae1a-22580de7275f_1704649797.jpeg?h=225&w=225
Insanely Good Katsu Curry Stir Fry Sauce 180G,€1.50,,€8.33/kg,https://www.tesco.ie/groceries/en-IE/products/311806286,https://digitalcontent.api.tesco.com/v2/media/ghs/e6ae96a3-5a3c-4d88-ac91-76eafe2474c8/c01919e5-fd7f-4808-bd85-f2e3b7ba201d_2016607356.jpeg?h=225&w=225
Good4u Salad Topper Garlic And Chilli 125G,€2.75,,€22.00/kg,https://www.tesco.ie/groceries/en-IE/products/306348028,https://digitalcontent.api.tesco.com/v2/media/ghs/4fc8b7f0-6f06-4737-ab2b-cc125db2ac0f/snapshotimagehandler_1712553594.jpeg?h=225&w=225
Donnelly Fresh Steamed greens with mint butter 250g,€2.99,,€11.96/kg,https://www.tesco.ie/groceries/en-IE/products/315335767,https://digitalcontent.api.tesco.com/v2/media/ghs/7905727d-1bcc-462e-9db5-790160f8c706/77e4e71e-c547-4aab-b6cb-eed69615bdec_1527043561.jpeg?h=225&w=225
Iona Farm Baby Rainbow Carrots 200G,€2.59,,€12.95/kg,https://www.tesco.ie/groceries/en-IE/products/307151459,https://digitalcontent.api.tesco.com/v2/media/ghs/f2bbb724-1e55-4b38-9a4e-3a01c2269e6e/snapshotimagehandler_1434702822.jpeg?h=225&w=225
Donnelly Fresh Bombay Cauliflower 350g,€2.99,,€8.54/kg,https://www.tesco.ie/groceries/en-IE/products/315471547,https://digitalcontent.api.tesco.com/v2/media/ghs/21ba1f53-9cfd-4688-83f5-ea83335be9bd/5aa290ba-25e1-4223-a67e-25e2d7067cfc_49406090.jpeg?h=225&w=225
Green Growers Garlic Smoked Twin Pack,€2.00,,€1.00/each,https://www.tesco.ie/groceries/en-IE/products/315392370,https://digitalcontent.api.tesco.com/v2/media/ghs-mktg/b0b04216-fa73-466d-a9d7-c9fcfa1ce9b3/no-image.jpeg
Tesco Southwest Style Chipotle Dressing 170G,€2.00,,€11.76/kg,https://www.tesco.ie/groceries/en-IE/products/313836546,https://digitalcontent.api.tesco.com/v2/media/ghs/84dbc8d6-384e-403d-a3f9-7a5d42a66f1b/3393e057-fd30-4fa5-84ef-8de0c614f257_684922710.jpeg?h=225&w=225
