Title,Price,Promotional Price,Price Per,Product URL,Image URL
Gilfresh Carrot Battons 500G,€1.59,,€3.18/kg,https://www.tesco.ie/groceries/en-IE/products/311425892,https://digitalcontent.api.tesco.com/v2/media/ghs/ec456682-a787-40cc-9ee4-038ca9bd21a1/1a27f564-54b4-4d46-9604-e299460a6b5f_885744481.jpeg?h=225&w=225
Tesco Butternut Squash 300G,€1.80,,€6.00/kg,https://www.tesco.ie/groceries/en-IE/products/273592358,https://digitalcontent.api.tesco.com/v2/media/ghs/2031fd2c-0c55-4bb8-8e9d-02f6b64b5c16/snapshotimagehandler_1023972600.jpeg?h=225&w=225
Gilfresh Broccoli Cauliflower And Carrot 350G,€2.00,,€5.71/kg,https://www.tesco.ie/groceries/en-IE/products/312084169,https://digitalcontent.api.tesco.com/v2/media/ghs/b1f061dc-4261-4f75-be83-f13817c11eba/26fcf199-c43b-4d7c-9f12-9086efd9de0e_919058983.jpeg?h=225&w=225
Gilfresh Freshly Cut Soup Vegetables 320G,€2.00,,€6.25/kg,https://www.tesco.ie/groceries/en-IE/products/312090052,https://digitalcontent.api.tesco.com/v2/media/ghs/4ba01c88-01fd-4f62-ae0c-70a74612e29c/fce993a8-8990-4054-8adb-a8dccb400c85_1974807017.jpeg?h=225&w=225
Tesco Potato Mash Balls 360G,€2.00,,€5.56/kg,https://www.tesco.ie/groceries/en-IE/products/300726702,https://digitalcontent.api.tesco.com/v2/media/ghs/9d13b71c-5e88-44af-b0d2-9934d0d4e919/snapshotimagehandler_519455140.jpeg?h=225&w=225
Tescocarrot And Parsnip Mash Balls 420G,€2.00,,€4.76/kg,https://www.tesco.ie/groceries/en-IE/products/300724572,https://digitalcontent.api.tesco.com/v2/media/ghs/c42aa62a-775e-43fb-9589-ce6c8537c0e2/snapshotimagehandler_619581797.jpeg?h=225&w=225
Tesco Baby Potatoes With Garlic And Herb Butter 400G,€2.00,,€5.00/kg,https://www.tesco.ie/groceries/en-IE/products/308476731,https://digitalcontent.api.tesco.com/v2/media/ghs/ab1b7538-1dff-4b4e-b5da-ed533238164d/c28bdbfe-a184-4833-a6fe-faf5885aa896_938469444.jpeg?h=225&w=225
You Say Potato Fresh Cut Chips 1Kg,€2.00,,€2.00/kg,https://www.tesco.ie/groceries/en-IE/products/296457860,https://digitalcontent.api.tesco.com/v2/media/ghs/72485fe5-0285-4da2-82f6-59a9239d199a/8be7665b-8e85-4104-ad51-f29e5663f049.jpeg?h=225&w=225
Gilfresh Broccoli Florets 250G,€2.00,,€8.00/kg,https://www.tesco.ie/groceries/en-IE/products/311784172,https://digitalcontent.api.tesco.com/v2/media/ghs/7e690162-d76c-49bc-bd36-6ccaa63f9664/6481a9a0-67df-46f1-97a3-362ed377531d_432344038.jpeg?h=225&w=225
Donnelly Chinese Inspired Stir Fry 300G,€2.00,,€6.67/kg,https://www.tesco.ie/groceries/en-IE/products/311678684,https://digitalcontent.api.tesco.com/v2/media/ghs/cfcae957-34cd-4352-9004-41096a612552/bdc60a53-9182-4077-826f-b51b1238cb7c_1924550819.jpeg?h=225&w=225
Tesco Rosemary Potatoes 500G,€2.00,,€4.00/kg,https://www.tesco.ie/groceries/en-IE/products/292843500,https://digitalcontent.api.tesco.com/v2/media/ghs/684a1224-ac88-4384-908d-757125235cfc/snapshotimagehandler_1671601768.jpeg?h=225&w=225
Tesco Chef Vegetable Selection 350G,€2.20,,€6.29/kg,https://www.tesco.ie/groceries/en-IE/products/273592410,https://digitalcontent.api.tesco.com/v2/media/ghs/35bb18a9-1846-45df-9111-583af71b33db/39ef72fc-ac51-4eb9-9c50-4492a155b030_1139736741.jpeg?h=225&w=225
Tesco Diced Onion 150G,€1.20,,€8.00/kg,https://www.tesco.ie/groceries/en-IE/products/298024988,https://digitalcontent.api.tesco.com/v2/media/ghs/02d5437e-6e9e-429e-8a90-c403bac54b5d/257a3691-b14d-46f7-af81-5e0831e71a92_1723645471.jpeg?h=225&w=225
Tesco Sweet Potato Wedges 450G,€2.00,,€4.44/kg,https://www.tesco.ie/groceries/en-IE/products/292843546,https://digitalcontent.api.tesco.com/v2/media/ghs/608a2cde-0794-4a19-92e3-5cc61356ad4c/snapshotimagehandler_823518999.jpeg?h=225&w=225
Gilfresh Broccoli And Cauliflower Florets 250G,€2.00,,€8.00/kg,https://www.tesco.ie/groceries/en-IE/products/311936045,https://digitalcontent.api.tesco.com/v2/media/ghs/8af55cee-86d2-4624-ae23-0041fdcf04b9/fe2571b2-ec34-4de2-bc36-bae58db88d46_1054016747.jpeg?h=225&w=225
Gilfresh Sliced Carrot 300G,€2.00,,€6.67/kg,https://www.tesco.ie/groceries/en-IE/products/312102040,https://digitalcontent.api.tesco.com/v2/media/ghs/a7ff8eba-372a-4d1d-969f-5bf47b563a97/c5d01df6-de48-497b-8f6d-4d00726557d3_2030459663.jpeg?h=225&w=225
Scotts Original Crispy Onions 75G,€2.00,,€26.67/kg,https://www.tesco.ie/groceries/en-IE/products/314427401,https://digitalcontent.api.tesco.com/v2/media/ghs/211b35a9-1a8b-4c02-bb73-f6505530e9c4/40101aab-3ddd-4da6-9231-a9a89d231222_1430841634.jpeg?h=225&w=225
Onit Crispy Onions Original Flavour 95G,€2.50,,€26.32/kg,https://www.tesco.ie/groceries/en-IE/products/312712585,https://digitalcontent.api.tesco.com/v2/media/ghs/6270a9ef-7f39-4c5c-b68f-1d0e48b8b735/da5bb28a-252d-4ae4-a58a-01f79ea858d5_1646403772.jpeg?h=225&w=225
Nature's Best Corn On The Cob 530G,€2.99,,€5.64/kg,https://www.tesco.ie/groceries/en-IE/products/308854589,https://digitalcontent.api.tesco.com/v2/media/ghs/3cd2068f-8078-4caa-8002-ff6ebde8e51e/snapshotimagehandler_1055379870.jpeg?h=225&w=225
Gilfresh Vegetable Medley 350G,€2.00,,€5.71/kg,https://www.tesco.ie/groceries/en-IE/products/311947631,https://digitalcontent.api.tesco.com/v2/media/ghs/dc2173c2-f0bd-452a-9aab-36029c612d1e/f3fb37fb-b4b8-4069-b5b8-93565e061e12_1901261251.jpeg?h=225&w=225
You Say Potato Skinny Chips 500G,€1.79,,€3.58/kg,https://www.tesco.ie/groceries/en-IE/products/302083295,https://digitalcontent.api.tesco.com/v2/media/ghs/349f9091-1aaa-468f-86ad-0a6a59751b24/2e6becb0-bc44-42f7-943e-c4bc5a164146.jpeg?h=225&w=225
Onit Crispy Onions Flame Grilled Flavour 95G,€2.50,,€26.32/kg,https://www.tesco.ie/groceries/en-IE/products/312581548,https://digitalcontent.api.tesco.com/v2/media/ghs/1b63ae3f-441f-4d9c-a50c-0909f731ee5e/596de1d1-454a-4f0c-bcb3-e679c1ab6c4f_1179892987.jpeg?h=225&w=225
Donnelly Fresh Steamed greens with mint butter 250g,€2.99,,€11.96/kg,https://www.tesco.ie/groceries/en-IE/products/315335767,https://digitalcontent.api.tesco.com/v2/media/ghs/7905727d-1bcc-462e-9db5-790160f8c706/77e4e71e-c547-4aab-b6cb-eed69615bdec_1527043561.jpeg?h=225&w=225
Donnelly Fresh Bombay Cauliflower 350g,€2.99,,€8.54/kg,https://www.tesco.ie/groceries/en-IE/products/315471547,https://digitalcontent.api.tesco.com/v2/media/ghs/21ba1f53-9cfd-4688-83f5-ea83335be9bd/5aa290ba-25e1-4223-a67e-25e2d7067cfc_49406090.jpeg?h=225&w=225
